%YAML 1.1
%TAG !u! tag:unity3d.com,2011:
--- !u!1 &7185821769135031672
GameObject:
  m_ObjectHideFlags: 0
  m_CorrespondingSourceObject: {fileID: 0}
  m_PrefabInstance: {fileID: 0}
  m_PrefabAsset: {fileID: 0}
  serializedVersion: 6
  m_Component:
  - component: {fileID: 7185821769135031674}
  - component: {fileID: 7185821769135031673}
  m_Layer: 0
  m_Name: Chunk34
  m_TagString: Untagged
  m_Icon: {fileID: 3306451490063965843, guid: 0000000000000000d000000000000000, type: 0}
  m_NavMeshLayer: 0
  m_StaticEditorFlags: 4294967295
  m_IsActive: 1
--- !u!4 &7185821769135031674
Transform:
  m_ObjectHideFlags: 0
  m_CorrespondingSourceObject: {fileID: 0}
  m_PrefabInstance: {fileID: 0}
  m_PrefabAsset: {fileID: 0}
  m_GameObject: {fileID: 7185821769135031672}
  m_LocalRotation: {x: 0, y: 0, z: 0, w: 1}
  m_LocalPosition: {x: -58.39, y: 21.57, z: 0}
  m_LocalScale: {x: 1, y: 1, z: 1}
  m_Children:
  - {fileID: 575227122288041481}
  - {fileID: 2326840655563870450}
  - {fileID: 316888660160459437}
  - {fileID: 6735928744043008167}
  - {fileID: 5126780089300421363}
  - {fileID: 8056194231494707393}
  - {fileID: 6220136707393599351}
  - {fileID: 5309277136142868076}
  - {fileID: 2354564047472959710}
  - {fileID: 3957081897189381139}
  - {fileID: 797767175971148062}
  - {fileID: 6147321466636896001}
  - {fileID: 7031057437689512079}
  - {fileID: 7734416956027934586}
  - {fileID: 1513112593226367606}
  - {fileID: 4295728363862452969}
  - {fileID: 7706333198318305256}
  - {fileID: 1965144036888953119}
  - {fileID: 6785351020314088981}
  - {fileID: 6929890738475420725}
  - {fileID: 4748256144544308128}
  - {fileID: 3769266368902732075}
  - {fileID: 3357675636137133403}
  - {fileID: 5264447855898454775}
  - {fileID: 2687330620597057447}
  m_Father: {fileID: 0}
  m_RootOrder: 0
  m_LocalEulerAnglesHint: {x: 0, y: 0, z: 0}
--- !u!114 &7185821769135031673
MonoBehaviour:
  m_ObjectHideFlags: 0
  m_CorrespondingSourceObject: {fileID: 0}
  m_PrefabInstance: {fileID: 0}
  m_PrefabAsset: {fileID: 0}
  m_GameObject: {fileID: 7185821769135031672}
  m_Enabled: 1
  m_EditorHideFlags: 0
  m_Script: {fileID: 11500000, guid: d128b2c464601b04e828cb97cf100cc3, type: 3}
  m_Name: 
  m_EditorClassIdentifier: 
  serializationData:
    SerializedFormat: 2
    SerializedBytes: 
    ReferencedUnityObjects: []
    SerializedBytesString: 
    Prefab: {fileID: 0}
    PrefabModificationsReferencedUnityObjects: []
    PrefabModifications: []
    SerializationNodes: []
  CanBeSymetric: 1
  Size: {x: 5, y: 30, z: 0}
  SubObjects:
  - {fileID: 3284986402284092723}
  - {fileID: 979483881540048331}
  - {fileID: 2702003417465575417}
  - {fileID: 2080792030219757647}
  - {fileID: 224194125174423892}
  - {fileID: 6707939775934340056}
  - {fileID: 5426860830523502357}
  - {fileID: 8934705422822898826}
  - {fileID: 2712260400096864917}
  - {fileID: 2029189759906462601}
  - {fileID: 2442080250950830146}
  - {fileID: 6795245542836002126}
  - {fileID: 8155832134585628113}
  - {fileID: 1881989031867748988}
  - {fileID: 2562579955026783507}
  - {fileID: 3069698869320127245}
  - {fileID: 817150431137842328}
  - {fileID: 9150531557258184211}
  - {fileID: 7217849638162160227}
  - {fileID: 6408944285851847841}
  MinSpawnableLevel: 5
--- !u!1 &8152293832286210033
GameObject:
  m_ObjectHideFlags: 0
  m_CorrespondingSourceObject: {fileID: 0}
  m_PrefabInstance: {fileID: 0}
  m_PrefabAsset: {fileID: 0}
  serializedVersion: 6
  m_Component:
  - component: {fileID: 575227122288041481}
  - component: {fileID: 4522067401722153536}
  - component: {fileID: 7590621877864637861}
  m_Layer: 0
  m_Name: WallL
  m_TagString: Untagged
  m_Icon: {fileID: 0}
  m_NavMeshLayer: 0
  m_StaticEditorFlags: 4294967295
  m_IsActive: 1
--- !u!4 &575227122288041481
Transform:
  m_ObjectHideFlags: 0
  m_CorrespondingSourceObject: {fileID: 0}
  m_PrefabInstance: {fileID: 0}
  m_PrefabAsset: {fileID: 0}
  m_GameObject: {fileID: 8152293832286210033}
  m_LocalRotation: {x: 0, y: 0, z: 0, w: 1}
  m_LocalPosition: {x: -3, y: 15, z: 0}
  m_LocalScale: {x: 0.19999999, y: 0.19999999, z: 1}
  m_Children: []
  m_Father: {fileID: 7185821769135031674}
  m_RootOrder: 0
  m_LocalEulerAnglesHint: {x: 0, y: 0, z: 0}
--- !u!212 &4522067401722153536
SpriteRenderer:
  m_ObjectHideFlags: 0
  m_CorrespondingSourceObject: {fileID: 0}
  m_PrefabInstance: {fileID: 0}
  m_PrefabAsset: {fileID: 0}
  m_GameObject: {fileID: 8152293832286210033}
  m_Enabled: 1
  m_CastShadows: 0
  m_ReceiveShadows: 0
  m_DynamicOccludee: 1
  m_MotionVectors: 1
  m_LightProbeUsage: 1
  m_ReflectionProbeUsage: 1
  m_RenderingLayerMask: 1
  m_RendererPriority: 0
  m_Materials:
  - {fileID: 10754, guid: 0000000000000000f000000000000000, type: 0}
  m_StaticBatchInfo:
    firstSubMesh: 0
    subMeshCount: 0
  m_StaticBatchRoot: {fileID: 0}
  m_ProbeAnchor: {fileID: 0}
  m_LightProbeVolumeOverride: {fileID: 0}
  m_ScaleInLightmap: 1
  m_PreserveUVs: 0
  m_IgnoreNormalsForChartDetection: 0
  m_ImportantGI: 0
  m_StitchLightmapSeams: 1
  m_SelectedEditorRenderState: 0
  m_MinimumChartSize: 4
  m_AutoUVMaxDistance: 0.5
  m_AutoUVMaxAngle: 89
  m_LightmapParameters: {fileID: 0}
  m_SortingLayerID: 0
  m_SortingLayer: 0
  m_SortingOrder: 0
  m_Sprite: {fileID: 21300000, guid: 1b65e849fb771214fa2540d446627260, type: 3}
  m_Color: {r: 1, g: 1, b: 1, a: 1}
  m_FlipX: 0
  m_FlipY: 0
  m_DrawMode: 2
  m_Size: {x: 5, y: 150}
  m_AdaptiveModeThreshold: 0.5
  m_SpriteTileMode: 1
  m_WasSpriteAssigned: 1
  m_MaskInteraction: 0
  m_SpriteSortPoint: 0
--- !u!61 &7590621877864637861
BoxCollider2D:
  m_ObjectHideFlags: 0
  m_CorrespondingSourceObject: {fileID: 0}
  m_PrefabInstance: {fileID: 0}
  m_PrefabAsset: {fileID: 0}
  m_GameObject: {fileID: 8152293832286210033}
  m_Enabled: 1
  m_Density: 1
  m_Material: {fileID: 6200000, guid: 4c213b7a65cbf734cb6d0cd55b61ca49, type: 2}
  m_IsTrigger: 0
  m_UsedByEffector: 0
  m_UsedByComposite: 0
  m_Offset: {x: 0, y: 0}
  m_SpriteTilingProperty:
    border: {x: 0, y: 0, z: 0, w: 0}
    pivot: {x: 0.5, y: 0.5}
    oldSize: {x: 5.12, y: 5.12}
    newSize: {x: 5, y: 150}
    adaptiveTilingThreshold: 0.5
    drawMode: 2
    adaptiveTiling: 1
  m_AutoTiling: 0
  serializedVersion: 2
  m_Size: {x: 4.5, y: 150}
  m_EdgeRadius: 0
--- !u!1 &9062694142580592623
GameObject:
  m_ObjectHideFlags: 0
  m_CorrespondingSourceObject: {fileID: 0}
  m_PrefabInstance: {fileID: 0}
  m_PrefabAsset: {fileID: 0}
  serializedVersion: 6
  m_Component:
  - component: {fileID: 2326840655563870450}
  - component: {fileID: 3423790475168793365}
  - component: {fileID: 2141606350227174292}
  m_Layer: 0
  m_Name: WallR
  m_TagString: Untagged
  m_Icon: {fileID: 0}
  m_NavMeshLayer: 0
  m_StaticEditorFlags: 4294967295
  m_IsActive: 1
--- !u!4 &2326840655563870450
Transform:
  m_ObjectHideFlags: 0
  m_CorrespondingSourceObject: {fileID: 0}
  m_PrefabInstance: {fileID: 0}
  m_PrefabAsset: {fileID: 0}
  m_GameObject: {fileID: 9062694142580592623}
  m_LocalRotation: {x: 0, y: 0, z: 0, w: 1}
  m_LocalPosition: {x: 3, y: 15, z: 0}
  m_LocalScale: {x: 0.19999999, y: 0.19999999, z: 1}
  m_Children: []
  m_Father: {fileID: 7185821769135031674}
  m_RootOrder: 1
  m_LocalEulerAnglesHint: {x: 0, y: 0, z: 0}
--- !u!212 &3423790475168793365
SpriteRenderer:
  m_ObjectHideFlags: 0
  m_CorrespondingSourceObject: {fileID: 0}
  m_PrefabInstance: {fileID: 0}
  m_PrefabAsset: {fileID: 0}
  m_GameObject: {fileID: 9062694142580592623}
  m_Enabled: 1
  m_CastShadows: 0
  m_ReceiveShadows: 0
  m_DynamicOccludee: 1
  m_MotionVectors: 1
  m_LightProbeUsage: 1
  m_ReflectionProbeUsage: 1
  m_RenderingLayerMask: 1
  m_RendererPriority: 0
  m_Materials:
  - {fileID: 10754, guid: 0000000000000000f000000000000000, type: 0}
  m_StaticBatchInfo:
    firstSubMesh: 0
    subMeshCount: 0
  m_StaticBatchRoot: {fileID: 0}
  m_ProbeAnchor: {fileID: 0}
  m_LightProbeVolumeOverride: {fileID: 0}
  m_ScaleInLightmap: 1
  m_PreserveUVs: 0
  m_IgnoreNormalsForChartDetection: 0
  m_ImportantGI: 0
  m_StitchLightmapSeams: 1
  m_SelectedEditorRenderState: 0
  m_MinimumChartSize: 4
  m_AutoUVMaxDistance: 0.5
  m_AutoUVMaxAngle: 89
  m_LightmapParameters: {fileID: 0}
  m_SortingLayerID: 0
  m_SortingLayer: 0
  m_SortingOrder: 0
  m_Sprite: {fileID: 21300000, guid: 1b65e849fb771214fa2540d446627260, type: 3}
  m_Color: {r: 1, g: 1, b: 1, a: 1}
  m_FlipX: 1
  m_FlipY: 0
  m_DrawMode: 2
  m_Size: {x: 5, y: 150}
  m_AdaptiveModeThreshold: 0.5
  m_SpriteTileMode: 1
  m_WasSpriteAssigned: 1
  m_MaskInteraction: 0
  m_SpriteSortPoint: 0
--- !u!61 &2141606350227174292
BoxCollider2D:
  m_ObjectHideFlags: 0
  m_CorrespondingSourceObject: {fileID: 0}
  m_PrefabInstance: {fileID: 0}
  m_PrefabAsset: {fileID: 0}
  m_GameObject: {fileID: 9062694142580592623}
  m_Enabled: 1
  m_Density: 1
  m_Material: {fileID: 6200000, guid: 4c213b7a65cbf734cb6d0cd55b61ca49, type: 2}
  m_IsTrigger: 0
  m_UsedByEffector: 0
  m_UsedByComposite: 0
  m_Offset: {x: 0, y: 0}
  m_SpriteTilingProperty:
    border: {x: 0, y: 0, z: 0, w: 0}
    pivot: {x: 0.5, y: 0.5}
    oldSize: {x: 5.12, y: 5.12}
    newSize: {x: 5, y: 150}
    adaptiveTilingThreshold: 0.5
    drawMode: 2
    adaptiveTiling: 1
  m_AutoTiling: 0
  serializedVersion: 2
  m_Size: {x: 4.5, y: 150}
  m_EdgeRadius: 0
--- !u!1001 &148557150028104310
PrefabInstance:
  m_ObjectHideFlags: 0
  serializedVersion: 2
  m_Modification:
    m_TransformParent: {fileID: 7185821769135031674}
    m_Modifications:
    - target: {fileID: 7481557799788516606, guid: eb0ab12fd54510d40a399ea3409fec6a,
        type: 3}
      propertyPath: m_Name
      value: E3 (10)
      objectReference: {fileID: 0}
    - target: {fileID: 7360346279686395925, guid: eb0ab12fd54510d40a399ea3409fec6a,
        type: 3}
      propertyPath: serializationData.Prefab
      value: 
      objectReference: {fileID: 7360346279686395925, guid: eb0ab12fd54510d40a399ea3409fec6a,
        type: 3}
    - target: {fileID: 3213067384939415341, guid: eb0ab12fd54510d40a399ea3409fec6a,
        type: 3}
      propertyPath: m_LocalPosition.x
      value: 0.38
      objectReference: {fileID: 0}
    - target: {fileID: 3213067384939415341, guid: eb0ab12fd54510d40a399ea3409fec6a,
        type: 3}
      propertyPath: m_LocalPosition.y
      value: 28.13
      objectReference: {fileID: 0}
    - target: {fileID: 3213067384939415341, guid: eb0ab12fd54510d40a399ea3409fec6a,
        type: 3}
      propertyPath: m_LocalPosition.z
      value: 0
      objectReference: {fileID: 0}
    - target: {fileID: 3213067384939415341, guid: eb0ab12fd54510d40a399ea3409fec6a,
        type: 3}
      propertyPath: m_LocalRotation.x
      value: 0
      objectReference: {fileID: 0}
    - target: {fileID: 3213067384939415341, guid: eb0ab12fd54510d40a399ea3409fec6a,
        type: 3}
      propertyPath: m_LocalRotation.y
      value: 0
      objectReference: {fileID: 0}
    - target: {fileID: 3213067384939415341, guid: eb0ab12fd54510d40a399ea3409fec6a,
        type: 3}
      propertyPath: m_LocalRotation.z
      value: 0
      objectReference: {fileID: 0}
    - target: {fileID: 3213067384939415341, guid: eb0ab12fd54510d40a399ea3409fec6a,
        type: 3}
      propertyPath: m_LocalRotation.w
      value: 1
      objectReference: {fileID: 0}
    - target: {fileID: 3213067384939415341, guid: eb0ab12fd54510d40a399ea3409fec6a,
        type: 3}
      propertyPath: m_RootOrder
      value: 22
      objectReference: {fileID: 0}
    - target: {fileID: 3213067384939415341, guid: eb0ab12fd54510d40a399ea3409fec6a,
        type: 3}
      propertyPath: m_LocalEulerAnglesHint.x
      value: 0
      objectReference: {fileID: 0}
    - target: {fileID: 3213067384939415341, guid: eb0ab12fd54510d40a399ea3409fec6a,
        type: 3}
      propertyPath: m_LocalEulerAnglesHint.y
      value: 0
      objectReference: {fileID: 0}
    - target: {fileID: 3213067384939415341, guid: eb0ab12fd54510d40a399ea3409fec6a,
        type: 3}
      propertyPath: m_LocalEulerAnglesHint.z
      value: 0
      objectReference: {fileID: 0}
    m_RemovedComponents: []
  m_SourcePrefab: {fileID: 100100000, guid: eb0ab12fd54510d40a399ea3409fec6a, type: 3}
--- !u!114 &7217849638162160227 stripped
MonoBehaviour:
  m_CorrespondingSourceObject: {fileID: 7360346279686395925, guid: eb0ab12fd54510d40a399ea3409fec6a,
    type: 3}
  m_PrefabInstance: {fileID: 148557150028104310}
  m_PrefabAsset: {fileID: 0}
  m_GameObject: {fileID: 0}
  m_Enabled: 1
  m_EditorHideFlags: 0
  m_Script: {fileID: 11500000, guid: 6a5fcf0f908a2b0479d45362284782b1, type: 3}
  m_Name: 
  m_EditorClassIdentifier: 
--- !u!4 &3357675636137133403 stripped
Transform:
  m_CorrespondingSourceObject: {fileID: 3213067384939415341, guid: eb0ab12fd54510d40a399ea3409fec6a,
    type: 3}
  m_PrefabInstance: {fileID: 148557150028104310}
  m_PrefabAsset: {fileID: 0}
--- !u!1001 &901711258699736258
PrefabInstance:
  m_ObjectHideFlags: 0
  serializedVersion: 2
  m_Modification:
    m_TransformParent: {fileID: 7185821769135031674}
    m_Modifications:
    - target: {fileID: 5536461559820789263, guid: bdf121fdb5dd9a54a9e8562118e07089,
        type: 3}
      propertyPath: m_Name
      value: E12 (1)
      objectReference: {fileID: 0}
    - target: {fileID: 8610309241281566792, guid: bdf121fdb5dd9a54a9e8562118e07089,
        type: 3}
      propertyPath: serializationData.Prefab
      value: 
      objectReference: {fileID: 8610309241281566792, guid: bdf121fdb5dd9a54a9e8562118e07089,
        type: 3}
    - target: {fileID: 545420000681178588, guid: bdf121fdb5dd9a54a9e8562118e07089,
        type: 3}
      propertyPath: m_LocalPosition.x
      value: -0.0099983215
      objectReference: {fileID: 0}
    - target: {fileID: 545420000681178588, guid: bdf121fdb5dd9a54a9e8562118e07089,
        type: 3}
      propertyPath: m_LocalPosition.y
      value: 12.46
      objectReference: {fileID: 0}
    - target: {fileID: 545420000681178588, guid: bdf121fdb5dd9a54a9e8562118e07089,
        type: 3}
      propertyPath: m_LocalPosition.z
      value: 0
      objectReference: {fileID: 0}
    - target: {fileID: 545420000681178588, guid: bdf121fdb5dd9a54a9e8562118e07089,
        type: 3}
      propertyPath: m_LocalRotation.x
      value: 0
      objectReference: {fileID: 0}
    - target: {fileID: 545420000681178588, guid: bdf121fdb5dd9a54a9e8562118e07089,
        type: 3}
      propertyPath: m_LocalRotation.y
      value: 0
      objectReference: {fileID: 0}
    - target: {fileID: 545420000681178588, guid: bdf121fdb5dd9a54a9e8562118e07089,
        type: 3}
      propertyPath: m_LocalRotation.z
      value: 0
      objectReference: {fileID: 0}
    - target: {fileID: 545420000681178588, guid: bdf121fdb5dd9a54a9e8562118e07089,
        type: 3}
      propertyPath: m_LocalRotation.w
      value: 1
      objectReference: {fileID: 0}
    - target: {fileID: 545420000681178588, guid: bdf121fdb5dd9a54a9e8562118e07089,
        type: 3}
      propertyPath: m_RootOrder
      value: 10
      objectReference: {fileID: 0}
    - target: {fileID: 545420000681178588, guid: bdf121fdb5dd9a54a9e8562118e07089,
        type: 3}
      propertyPath: m_LocalEulerAnglesHint.x
      value: 0
      objectReference: {fileID: 0}
    - target: {fileID: 545420000681178588, guid: bdf121fdb5dd9a54a9e8562118e07089,
        type: 3}
      propertyPath: m_LocalEulerAnglesHint.y
      value: 0
      objectReference: {fileID: 0}
    - target: {fileID: 545420000681178588, guid: bdf121fdb5dd9a54a9e8562118e07089,
        type: 3}
      propertyPath: m_LocalEulerAnglesHint.z
      value: 0
      objectReference: {fileID: 0}
    - target: {fileID: -7146671885821618354, guid: bdf121fdb5dd9a54a9e8562118e07089,
        type: 3}
      propertyPath: serializationData.Prefab
      value: 
      objectReference: {fileID: -7146671885821618354, guid: bdf121fdb5dd9a54a9e8562118e07089,
        type: 3}
    m_RemovedComponents: []
  m_SourcePrefab: {fileID: 100100000, guid: bdf121fdb5dd9a54a9e8562118e07089, type: 3}
--- !u!114 &8934705422822898826 stripped
MonoBehaviour:
  m_CorrespondingSourceObject: {fileID: 8610309241281566792, guid: bdf121fdb5dd9a54a9e8562118e07089,
    type: 3}
  m_PrefabInstance: {fileID: 901711258699736258}
  m_PrefabAsset: {fileID: 0}
  m_GameObject: {fileID: 0}
  m_Enabled: 1
  m_EditorHideFlags: 0
  m_Script: {fileID: 11500000, guid: 0e729adec9988184d990e91da35e8447, type: 3}
  m_Name: 
  m_EditorClassIdentifier: 
--- !u!4 &797767175971148062 stripped
Transform:
  m_CorrespondingSourceObject: {fileID: 545420000681178588, guid: bdf121fdb5dd9a54a9e8562118e07089,
    type: 3}
  m_PrefabInstance: {fileID: 901711258699736258}
  m_PrefabAsset: {fileID: 0}
--- !u!1001 &1148941862193721953
PrefabInstance:
  m_ObjectHideFlags: 0
  serializedVersion: 2
  m_Modification:
    m_TransformParent: {fileID: 7185821769135031674}
    m_Modifications:
    - target: {fileID: 5630953310540629630, guid: a7122e13dde9be6409788db4eab83f8b,
        type: 3}
      propertyPath: m_Name
      value: Obstacle (1)
      objectReference: {fileID: 0}
    - target: {fileID: 1491892829220221822, guid: a7122e13dde9be6409788db4eab83f8b,
        type: 3}
      propertyPath: m_LocalPosition.x
      value: 2.19
      objectReference: {fileID: 0}
    - target: {fileID: 1491892829220221822, guid: a7122e13dde9be6409788db4eab83f8b,
        type: 3}
      propertyPath: m_LocalPosition.y
      value: 22.12
      objectReference: {fileID: 0}
    - target: {fileID: 1491892829220221822, guid: a7122e13dde9be6409788db4eab83f8b,
        type: 3}
      propertyPath: m_LocalPosition.z
      value: 0
      objectReference: {fileID: 0}
    - target: {fileID: 1491892829220221822, guid: a7122e13dde9be6409788db4eab83f8b,
        type: 3}
      propertyPath: m_LocalRotation.x
      value: 0
      objectReference: {fileID: 0}
    - target: {fileID: 1491892829220221822, guid: a7122e13dde9be6409788db4eab83f8b,
        type: 3}
      propertyPath: m_LocalRotation.y
      value: 0
      objectReference: {fileID: 0}
    - target: {fileID: 1491892829220221822, guid: a7122e13dde9be6409788db4eab83f8b,
        type: 3}
      propertyPath: m_LocalRotation.z
      value: 0
      objectReference: {fileID: 0}
    - target: {fileID: 1491892829220221822, guid: a7122e13dde9be6409788db4eab83f8b,
        type: 3}
      propertyPath: m_LocalRotation.w
      value: 1
      objectReference: {fileID: 0}
    - target: {fileID: 1491892829220221822, guid: a7122e13dde9be6409788db4eab83f8b,
        type: 3}
      propertyPath: m_RootOrder
      value: 17
      objectReference: {fileID: 0}
    - target: {fileID: 1491892829220221822, guid: a7122e13dde9be6409788db4eab83f8b,
        type: 3}
      propertyPath: m_LocalEulerAnglesHint.x
      value: 0
      objectReference: {fileID: 0}
    - target: {fileID: 1491892829220221822, guid: a7122e13dde9be6409788db4eab83f8b,
        type: 3}
      propertyPath: m_LocalEulerAnglesHint.y
      value: 0
      objectReference: {fileID: 0}
    - target: {fileID: 1491892829220221822, guid: a7122e13dde9be6409788db4eab83f8b,
        type: 3}
      propertyPath: m_LocalEulerAnglesHint.z
      value: 0
      objectReference: {fileID: 0}
    m_RemovedComponents: []
  m_SourcePrefab: {fileID: 100100000, guid: a7122e13dde9be6409788db4eab83f8b, type: 3}
--- !u!4 &1965144036888953119 stripped
Transform:
  m_CorrespondingSourceObject: {fileID: 1491892829220221822, guid: a7122e13dde9be6409788db4eab83f8b,
    type: 3}
  m_PrefabInstance: {fileID: 1148941862193721953}
  m_PrefabAsset: {fileID: 0}
--- !u!1001 &1211912575586468307
PrefabInstance:
  m_ObjectHideFlags: 0
  serializedVersion: 2
  m_Modification:
    m_TransformParent: {fileID: 7185821769135031674}
    m_Modifications:
    - target: {fileID: 5630953310540629630, guid: a7122e13dde9be6409788db4eab83f8b,
        type: 3}
      propertyPath: m_Name
      value: Obstacle
      objectReference: {fileID: 0}
    - target: {fileID: 1491892829220221822, guid: a7122e13dde9be6409788db4eab83f8b,
        type: 3}
      propertyPath: m_LocalPosition.x
      value: 0
      objectReference: {fileID: 0}
    - target: {fileID: 1491892829220221822, guid: a7122e13dde9be6409788db4eab83f8b,
        type: 3}
      propertyPath: m_LocalPosition.y
      value: 3.974
      objectReference: {fileID: 0}
    - target: {fileID: 1491892829220221822, guid: a7122e13dde9be6409788db4eab83f8b,
        type: 3}
      propertyPath: m_LocalPosition.z
      value: 0
      objectReference: {fileID: 0}
    - target: {fileID: 1491892829220221822, guid: a7122e13dde9be6409788db4eab83f8b,
        type: 3}
      propertyPath: m_LocalRotation.x
      value: 0
      objectReference: {fileID: 0}
    - target: {fileID: 1491892829220221822, guid: a7122e13dde9be6409788db4eab83f8b,
        type: 3}
      propertyPath: m_LocalRotation.y
      value: 0
      objectReference: {fileID: 0}
    - target: {fileID: 1491892829220221822, guid: a7122e13dde9be6409788db4eab83f8b,
        type: 3}
      propertyPath: m_LocalRotation.z
      value: 0.38268343
      objectReference: {fileID: 0}
    - target: {fileID: 1491892829220221822, guid: a7122e13dde9be6409788db4eab83f8b,
        type: 3}
      propertyPath: m_LocalRotation.w
      value: 0.92387956
      objectReference: {fileID: 0}
    - target: {fileID: 1491892829220221822, guid: a7122e13dde9be6409788db4eab83f8b,
        type: 3}
      propertyPath: m_RootOrder
      value: 2
      objectReference: {fileID: 0}
    - target: {fileID: 1491892829220221822, guid: a7122e13dde9be6409788db4eab83f8b,
        type: 3}
      propertyPath: m_LocalEulerAnglesHint.x
      value: 0
      objectReference: {fileID: 0}
    - target: {fileID: 1491892829220221822, guid: a7122e13dde9be6409788db4eab83f8b,
        type: 3}
      propertyPath: m_LocalEulerAnglesHint.y
      value: 0
      objectReference: {fileID: 0}
    - target: {fileID: 1491892829220221822, guid: a7122e13dde9be6409788db4eab83f8b,
        type: 3}
      propertyPath: m_LocalEulerAnglesHint.z
      value: 45
      objectReference: {fileID: 0}
    m_RemovedComponents: []
  m_SourcePrefab: {fileID: 100100000, guid: a7122e13dde9be6409788db4eab83f8b, type: 3}
--- !u!4 &316888660160459437 stripped
Transform:
  m_CorrespondingSourceObject: {fileID: 1491892829220221822, guid: a7122e13dde9be6409788db4eab83f8b,
    type: 3}
  m_PrefabInstance: {fileID: 1211912575586468307}
  m_PrefabAsset: {fileID: 0}
--- !u!1001 &1660251480099286468
PrefabInstance:
  m_ObjectHideFlags: 0
  serializedVersion: 2
  m_Modification:
    m_TransformParent: {fileID: 7185821769135031674}
    m_Modifications:
    - target: {fileID: 7481557799788516606, guid: eb0ab12fd54510d40a399ea3409fec6a,
        type: 3}
      propertyPath: m_Name
      value: E3 (6)
      objectReference: {fileID: 0}
    - target: {fileID: 7360346279686395925, guid: eb0ab12fd54510d40a399ea3409fec6a,
        type: 3}
      propertyPath: serializationData.Prefab
      value: 
      objectReference: {fileID: 7360346279686395925, guid: eb0ab12fd54510d40a399ea3409fec6a,
        type: 3}
    - target: {fileID: 3213067384939415341, guid: eb0ab12fd54510d40a399ea3409fec6a,
        type: 3}
      propertyPath: m_LocalPosition.x
      value: 2.0999985
      objectReference: {fileID: 0}
    - target: {fileID: 3213067384939415341, guid: eb0ab12fd54510d40a399ea3409fec6a,
        type: 3}
      propertyPath: m_LocalPosition.y
      value: 11.33
      objectReference: {fileID: 0}
    - target: {fileID: 3213067384939415341, guid: eb0ab12fd54510d40a399ea3409fec6a,
        type: 3}
      propertyPath: m_LocalPosition.z
      value: 0
      objectReference: {fileID: 0}
    - target: {fileID: 3213067384939415341, guid: eb0ab12fd54510d40a399ea3409fec6a,
        type: 3}
      propertyPath: m_LocalRotation.x
      value: 0
      objectReference: {fileID: 0}
    - target: {fileID: 3213067384939415341, guid: eb0ab12fd54510d40a399ea3409fec6a,
        type: 3}
      propertyPath: m_LocalRotation.y
      value: 0
      objectReference: {fileID: 0}
    - target: {fileID: 3213067384939415341, guid: eb0ab12fd54510d40a399ea3409fec6a,
        type: 3}
      propertyPath: m_LocalRotation.z
      value: 0
      objectReference: {fileID: 0}
    - target: {fileID: 3213067384939415341, guid: eb0ab12fd54510d40a399ea3409fec6a,
        type: 3}
      propertyPath: m_LocalRotation.w
      value: 1
      objectReference: {fileID: 0}
    - target: {fileID: 3213067384939415341, guid: eb0ab12fd54510d40a399ea3409fec6a,
        type: 3}
      propertyPath: m_RootOrder
      value: 15
      objectReference: {fileID: 0}
    - target: {fileID: 3213067384939415341, guid: eb0ab12fd54510d40a399ea3409fec6a,
        type: 3}
      propertyPath: m_LocalEulerAnglesHint.x
      value: 0
      objectReference: {fileID: 0}
    - target: {fileID: 3213067384939415341, guid: eb0ab12fd54510d40a399ea3409fec6a,
        type: 3}
      propertyPath: m_LocalEulerAnglesHint.y
      value: 0
      objectReference: {fileID: 0}
    - target: {fileID: 3213067384939415341, guid: eb0ab12fd54510d40a399ea3409fec6a,
        type: 3}
      propertyPath: m_LocalEulerAnglesHint.z
      value: 0
      objectReference: {fileID: 0}
    m_RemovedComponents: []
  m_SourcePrefab: {fileID: 100100000, guid: eb0ab12fd54510d40a399ea3409fec6a, type: 3}
--- !u!4 &4295728363862452969 stripped
Transform:
  m_CorrespondingSourceObject: {fileID: 3213067384939415341, guid: eb0ab12fd54510d40a399ea3409fec6a,
    type: 3}
  m_PrefabInstance: {fileID: 1660251480099286468}
  m_PrefabAsset: {fileID: 0}
--- !u!114 &8155832134585628113 stripped
MonoBehaviour:
  m_CorrespondingSourceObject: {fileID: 7360346279686395925, guid: eb0ab12fd54510d40a399ea3409fec6a,
    type: 3}
  m_PrefabInstance: {fileID: 1660251480099286468}
  m_PrefabAsset: {fileID: 0}
  m_GameObject: {fileID: 0}
  m_Enabled: 1
  m_EditorHideFlags: 0
  m_Script: {fileID: 11500000, guid: 6a5fcf0f908a2b0479d45362284782b1, type: 3}
  m_Name: 
  m_EditorClassIdentifier: 
--- !u!1001 &1790185291012840966
PrefabInstance:
  m_ObjectHideFlags: 0
  serializedVersion: 2
  m_Modification:
    m_TransformParent: {fileID: 7185821769135031674}
    m_Modifications:
    - target: {fileID: 7481557799788516606, guid: eb0ab12fd54510d40a399ea3409fec6a,
        type: 3}
      propertyPath: m_Name
      value: E3 (9)
      objectReference: {fileID: 0}
    - target: {fileID: 7360346279686395925, guid: eb0ab12fd54510d40a399ea3409fec6a,
        type: 3}
      propertyPath: serializationData.Prefab
      value: 
      objectReference: {fileID: 7360346279686395925, guid: eb0ab12fd54510d40a399ea3409fec6a,
        type: 3}
    - target: {fileID: 3213067384939415341, guid: eb0ab12fd54510d40a399ea3409fec6a,
        type: 3}
      propertyPath: m_LocalPosition.x
      value: -1.5800018
      objectReference: {fileID: 0}
    - target: {fileID: 3213067384939415341, guid: eb0ab12fd54510d40a399ea3409fec6a,
        type: 3}
      propertyPath: m_LocalPosition.y
      value: 25.88
      objectReference: {fileID: 0}
    - target: {fileID: 3213067384939415341, guid: eb0ab12fd54510d40a399ea3409fec6a,
        type: 3}
      propertyPath: m_LocalPosition.z
      value: 0
      objectReference: {fileID: 0}
    - target: {fileID: 3213067384939415341, guid: eb0ab12fd54510d40a399ea3409fec6a,
        type: 3}
      propertyPath: m_LocalRotation.x
      value: 0
      objectReference: {fileID: 0}
    - target: {fileID: 3213067384939415341, guid: eb0ab12fd54510d40a399ea3409fec6a,
        type: 3}
      propertyPath: m_LocalRotation.y
      value: 0
      objectReference: {fileID: 0}
    - target: {fileID: 3213067384939415341, guid: eb0ab12fd54510d40a399ea3409fec6a,
        type: 3}
      propertyPath: m_LocalRotation.z
      value: 0
      objectReference: {fileID: 0}
    - target: {fileID: 3213067384939415341, guid: eb0ab12fd54510d40a399ea3409fec6a,
        type: 3}
      propertyPath: m_LocalRotation.w
      value: 1
      objectReference: {fileID: 0}
    - target: {fileID: 3213067384939415341, guid: eb0ab12fd54510d40a399ea3409fec6a,
        type: 3}
      propertyPath: m_RootOrder
      value: 21
      objectReference: {fileID: 0}
    - target: {fileID: 3213067384939415341, guid: eb0ab12fd54510d40a399ea3409fec6a,
        type: 3}
      propertyPath: m_LocalEulerAnglesHint.x
      value: 0
      objectReference: {fileID: 0}
    - target: {fileID: 3213067384939415341, guid: eb0ab12fd54510d40a399ea3409fec6a,
        type: 3}
      propertyPath: m_LocalEulerAnglesHint.y
      value: 0
      objectReference: {fileID: 0}
    - target: {fileID: 3213067384939415341, guid: eb0ab12fd54510d40a399ea3409fec6a,
        type: 3}
      propertyPath: m_LocalEulerAnglesHint.z
      value: 0
      objectReference: {fileID: 0}
    m_RemovedComponents: []
  m_SourcePrefab: {fileID: 100100000, guid: eb0ab12fd54510d40a399ea3409fec6a, type: 3}
--- !u!114 &9150531557258184211 stripped
MonoBehaviour:
  m_CorrespondingSourceObject: {fileID: 7360346279686395925, guid: eb0ab12fd54510d40a399ea3409fec6a,
    type: 3}
  m_PrefabInstance: {fileID: 1790185291012840966}
  m_PrefabAsset: {fileID: 0}
  m_GameObject: {fileID: 0}
  m_Enabled: 1
  m_EditorHideFlags: 0
  m_Script: {fileID: 11500000, guid: 6a5fcf0f908a2b0479d45362284782b1, type: 3}
  m_Name: 
  m_EditorClassIdentifier: 
--- !u!4 &3769266368902732075 stripped
Transform:
  m_CorrespondingSourceObject: {fileID: 3213067384939415341, guid: eb0ab12fd54510d40a399ea3409fec6a,
    type: 3}
  m_PrefabInstance: {fileID: 1790185291012840966}
  m_PrefabAsset: {fileID: 0}
--- !u!1001 &2002884544881643456
PrefabInstance:
  m_ObjectHideFlags: 0
  serializedVersion: 2
  m_Modification:
    m_TransformParent: {fileID: 7185821769135031674}
    m_Modifications:
    - target: {fileID: 1055261514378381830, guid: 8e137a9754a2943468d803f756fb6159,
        type: 3}
      propertyPath: m_Name
      value: E8 (4)
      objectReference: {fileID: 0}
    - target: {fileID: 4061033028420510419, guid: 8e137a9754a2943468d803f756fb6159,
        type: 3}
      propertyPath: serializationData.Prefab
      value: 
      objectReference: {fileID: 4061033028420510419, guid: 8e137a9754a2943468d803f756fb6159,
        type: 3}
    - target: {fileID: 8862706288365551794, guid: 8e137a9754a2943468d803f756fb6159,
        type: 3}
      propertyPath: serializationData.Prefab
      value: 
      objectReference: {fileID: 8862706288365551794, guid: 8e137a9754a2943468d803f756fb6159,
        type: 3}
    - target: {fileID: 5035521554955213269, guid: 8e137a9754a2943468d803f756fb6159,
        type: 3}
      propertyPath: m_LocalPosition.x
      value: 1.74
      objectReference: {fileID: 0}
    - target: {fileID: 5035521554955213269, guid: 8e137a9754a2943468d803f756fb6159,
        type: 3}
      propertyPath: m_LocalPosition.y
      value: 25.84
      objectReference: {fileID: 0}
    - target: {fileID: 5035521554955213269, guid: 8e137a9754a2943468d803f756fb6159,
        type: 3}
      propertyPath: m_LocalPosition.z
      value: 0
      objectReference: {fileID: 0}
    - target: {fileID: 5035521554955213269, guid: 8e137a9754a2943468d803f756fb6159,
        type: 3}
      propertyPath: m_LocalRotation.x
      value: 0
      objectReference: {fileID: 0}
    - target: {fileID: 5035521554955213269, guid: 8e137a9754a2943468d803f756fb6159,
        type: 3}
      propertyPath: m_LocalRotation.y
      value: 0
      objectReference: {fileID: 0}
    - target: {fileID: 5035521554955213269, guid: 8e137a9754a2943468d803f756fb6159,
        type: 3}
      propertyPath: m_LocalRotation.z
      value: 0
      objectReference: {fileID: 0}
    - target: {fileID: 5035521554955213269, guid: 8e137a9754a2943468d803f756fb6159,
        type: 3}
      propertyPath: m_LocalRotation.w
      value: 1
      objectReference: {fileID: 0}
    - target: {fileID: 5035521554955213269, guid: 8e137a9754a2943468d803f756fb6159,
        type: 3}
      propertyPath: m_RootOrder
      value: 18
      objectReference: {fileID: 0}
    - target: {fileID: 5035521554955213269, guid: 8e137a9754a2943468d803f756fb6159,
        type: 3}
      propertyPath: m_LocalEulerAnglesHint.x
      value: 0
      objectReference: {fileID: 0}
    - target: {fileID: 5035521554955213269, guid: 8e137a9754a2943468d803f756fb6159,
        type: 3}
      propertyPath: m_LocalEulerAnglesHint.y
      value: 0
      objectReference: {fileID: 0}
    - target: {fileID: 5035521554955213269, guid: 8e137a9754a2943468d803f756fb6159,
        type: 3}
      propertyPath: m_LocalEulerAnglesHint.z
      value: 0
      objectReference: {fileID: 0}
    m_RemovedComponents: []
  m_SourcePrefab: {fileID: 100100000, guid: 8e137a9754a2943468d803f756fb6159, type: 3}
--- !u!114 &2562579955026783507 stripped
MonoBehaviour:
  m_CorrespondingSourceObject: {fileID: 4061033028420510419, guid: 8e137a9754a2943468d803f756fb6159,
    type: 3}
  m_PrefabInstance: {fileID: 2002884544881643456}
  m_PrefabAsset: {fileID: 0}
  m_GameObject: {fileID: 0}
  m_Enabled: 1
  m_EditorHideFlags: 0
  m_Script: {fileID: 11500000, guid: 8c78a91af9ab65143986ae1f575dbcbc, type: 3}
  m_Name: 
  m_EditorClassIdentifier: 
--- !u!4 &6785351020314088981 stripped
Transform:
  m_CorrespondingSourceObject: {fileID: 5035521554955213269, guid: 8e137a9754a2943468d803f756fb6159,
    type: 3}
  m_PrefabInstance: {fileID: 2002884544881643456}
  m_PrefabAsset: {fileID: 0}
--- !u!1001 &2626321305715579226
PrefabInstance:
  m_ObjectHideFlags: 0
  serializedVersion: 2
  m_Modification:
    m_TransformParent: {fileID: 7185821769135031674}
    m_Modifications:
    - target: {fileID: 1055261514378381830, guid: 8e137a9754a2943468d803f756fb6159,
        type: 3}
      propertyPath: m_Name
      value: E8 (3)
      objectReference: {fileID: 0}
    - target: {fileID: 4061033028420510419, guid: 8e137a9754a2943468d803f756fb6159,
        type: 3}
      propertyPath: serializationData.Prefab
      value: 
      objectReference: {fileID: 4061033028420510419, guid: 8e137a9754a2943468d803f756fb6159,
        type: 3}
    - target: {fileID: 8862706288365551794, guid: 8e137a9754a2943468d803f756fb6159,
        type: 3}
      propertyPath: serializationData.Prefab
      value: 
      objectReference: {fileID: 8862706288365551794, guid: 8e137a9754a2943468d803f756fb6159,
        type: 3}
    - target: {fileID: 5035521554955213269, guid: 8e137a9754a2943468d803f756fb6159,
        type: 3}
      propertyPath: m_LocalPosition.x
      value: -0.9
      objectReference: {fileID: 0}
    - target: {fileID: 5035521554955213269, guid: 8e137a9754a2943468d803f756fb6159,
        type: 3}
      propertyPath: m_LocalPosition.y
      value: 16.61
      objectReference: {fileID: 0}
    - target: {fileID: 5035521554955213269, guid: 8e137a9754a2943468d803f756fb6159,
        type: 3}
      propertyPath: m_LocalPosition.z
      value: 0
      objectReference: {fileID: 0}
    - target: {fileID: 5035521554955213269, guid: 8e137a9754a2943468d803f756fb6159,
        type: 3}
      propertyPath: m_LocalRotation.x
      value: 0
      objectReference: {fileID: 0}
    - target: {fileID: 5035521554955213269, guid: 8e137a9754a2943468d803f756fb6159,
        type: 3}
      propertyPath: m_LocalRotation.y
      value: 0
      objectReference: {fileID: 0}
    - target: {fileID: 5035521554955213269, guid: 8e137a9754a2943468d803f756fb6159,
        type: 3}
      propertyPath: m_LocalRotation.z
      value: 0
      objectReference: {fileID: 0}
    - target: {fileID: 5035521554955213269, guid: 8e137a9754a2943468d803f756fb6159,
        type: 3}
      propertyPath: m_LocalRotation.w
      value: 1
      objectReference: {fileID: 0}
    - target: {fileID: 5035521554955213269, guid: 8e137a9754a2943468d803f756fb6159,
        type: 3}
      propertyPath: m_RootOrder
      value: 12
      objectReference: {fileID: 0}
    - target: {fileID: 5035521554955213269, guid: 8e137a9754a2943468d803f756fb6159,
        type: 3}
      propertyPath: m_LocalEulerAnglesHint.x
      value: 0
      objectReference: {fileID: 0}
    - target: {fileID: 5035521554955213269, guid: 8e137a9754a2943468d803f756fb6159,
        type: 3}
      propertyPath: m_LocalEulerAnglesHint.y
      value: 0
      objectReference: {fileID: 0}
    - target: {fileID: 5035521554955213269, guid: 8e137a9754a2943468d803f756fb6159,
        type: 3}
      propertyPath: m_LocalEulerAnglesHint.z
      value: 0
      objectReference: {fileID: 0}
    m_RemovedComponents: []
  m_SourcePrefab: {fileID: 100100000, guid: 8e137a9754a2943468d803f756fb6159, type: 3}
--- !u!4 &7031057437689512079 stripped
Transform:
  m_CorrespondingSourceObject: {fileID: 5035521554955213269, guid: 8e137a9754a2943468d803f756fb6159,
    type: 3}
  m_PrefabInstance: {fileID: 2626321305715579226}
  m_PrefabAsset: {fileID: 0}
--- !u!114 &2029189759906462601 stripped
MonoBehaviour:
  m_CorrespondingSourceObject: {fileID: 4061033028420510419, guid: 8e137a9754a2943468d803f756fb6159,
    type: 3}
  m_PrefabInstance: {fileID: 2626321305715579226}
  m_PrefabAsset: {fileID: 0}
  m_GameObject: {fileID: 0}
  m_Enabled: 1
  m_EditorHideFlags: 0
  m_Script: {fileID: 11500000, guid: 8c78a91af9ab65143986ae1f575dbcbc, type: 3}
  m_Name: 
  m_EditorClassIdentifier: 
--- !u!1001 &4064705510783878491
PrefabInstance:
  m_ObjectHideFlags: 0
  serializedVersion: 2
  m_Modification:
    m_TransformParent: {fileID: 7185821769135031674}
    m_Modifications:
    - target: {fileID: 7481557799788516606, guid: eb0ab12fd54510d40a399ea3409fec6a,
        type: 3}
      propertyPath: m_Name
      value: E3 (5)
      objectReference: {fileID: 0}
    - target: {fileID: 7360346279686395925, guid: eb0ab12fd54510d40a399ea3409fec6a,
        type: 3}
      propertyPath: serializationData.Prefab
      value: 
      objectReference: {fileID: 7360346279686395925, guid: eb0ab12fd54510d40a399ea3409fec6a,
        type: 3}
    - target: {fileID: 3213067384939415341, guid: eb0ab12fd54510d40a399ea3409fec6a,
        type: 3}
      propertyPath: m_LocalPosition.x
      value: 2.1
      objectReference: {fileID: 0}
    - target: {fileID: 3213067384939415341, guid: eb0ab12fd54510d40a399ea3409fec6a,
        type: 3}
      propertyPath: m_LocalPosition.y
      value: 17.71
      objectReference: {fileID: 0}
    - target: {fileID: 3213067384939415341, guid: eb0ab12fd54510d40a399ea3409fec6a,
        type: 3}
      propertyPath: m_LocalPosition.z
      value: 0
      objectReference: {fileID: 0}
    - target: {fileID: 3213067384939415341, guid: eb0ab12fd54510d40a399ea3409fec6a,
        type: 3}
      propertyPath: m_LocalRotation.x
      value: 0
      objectReference: {fileID: 0}
    - target: {fileID: 3213067384939415341, guid: eb0ab12fd54510d40a399ea3409fec6a,
        type: 3}
      propertyPath: m_LocalRotation.y
      value: 0
      objectReference: {fileID: 0}
    - target: {fileID: 3213067384939415341, guid: eb0ab12fd54510d40a399ea3409fec6a,
        type: 3}
      propertyPath: m_LocalRotation.z
      value: 0
      objectReference: {fileID: 0}
    - target: {fileID: 3213067384939415341, guid: eb0ab12fd54510d40a399ea3409fec6a,
        type: 3}
      propertyPath: m_LocalRotation.w
      value: 1
      objectReference: {fileID: 0}
    - target: {fileID: 3213067384939415341, guid: eb0ab12fd54510d40a399ea3409fec6a,
        type: 3}
      propertyPath: m_RootOrder
      value: 14
      objectReference: {fileID: 0}
    - target: {fileID: 3213067384939415341, guid: eb0ab12fd54510d40a399ea3409fec6a,
        type: 3}
      propertyPath: m_LocalEulerAnglesHint.x
      value: 0
      objectReference: {fileID: 0}
    - target: {fileID: 3213067384939415341, guid: eb0ab12fd54510d40a399ea3409fec6a,
        type: 3}
      propertyPath: m_LocalEulerAnglesHint.y
      value: 0
      objectReference: {fileID: 0}
    - target: {fileID: 3213067384939415341, guid: eb0ab12fd54510d40a399ea3409fec6a,
        type: 3}
      propertyPath: m_LocalEulerAnglesHint.z
      value: 0
      objectReference: {fileID: 0}
    m_RemovedComponents: []
  m_SourcePrefab: {fileID: 100100000, guid: eb0ab12fd54510d40a399ea3409fec6a, type: 3}
--- !u!4 &1513112593226367606 stripped
Transform:
  m_CorrespondingSourceObject: {fileID: 3213067384939415341, guid: eb0ab12fd54510d40a399ea3409fec6a,
    type: 3}
  m_PrefabInstance: {fileID: 4064705510783878491}
  m_PrefabAsset: {fileID: 0}
--- !u!114 &6795245542836002126 stripped
MonoBehaviour:
  m_CorrespondingSourceObject: {fileID: 7360346279686395925, guid: eb0ab12fd54510d40a399ea3409fec6a,
    type: 3}
  m_PrefabInstance: {fileID: 4064705510783878491}
  m_PrefabAsset: {fileID: 0}
  m_GameObject: {fileID: 0}
  m_Enabled: 1
  m_EditorHideFlags: 0
  m_Script: {fileID: 11500000, guid: 6a5fcf0f908a2b0479d45362284782b1, type: 3}
  m_Name: 
  m_EditorClassIdentifier: 
--- !u!1001 &4853264369741336556
PrefabInstance:
  m_ObjectHideFlags: 0
  serializedVersion: 2
  m_Modification:
    m_TransformParent: {fileID: 7185821769135031674}
    m_Modifications:
    - target: {fileID: 7481557799788516606, guid: eb0ab12fd54510d40a399ea3409fec6a,
        type: 3}
      propertyPath: m_Name
      value: E3 (1)
      objectReference: {fileID: 0}
    - target: {fileID: 7360346279686395925, guid: eb0ab12fd54510d40a399ea3409fec6a,
        type: 3}
      propertyPath: serializationData.Prefab
      value: 
      objectReference: {fileID: 7360346279686395925, guid: eb0ab12fd54510d40a399ea3409fec6a,
        type: 3}
    - target: {fileID: 3213067384939415341, guid: eb0ab12fd54510d40a399ea3409fec6a,
        type: 3}
      propertyPath: m_LocalPosition.x
      value: 2.04
      objectReference: {fileID: 0}
    - target: {fileID: 3213067384939415341, guid: eb0ab12fd54510d40a399ea3409fec6a,
        type: 3}
      propertyPath: m_LocalPosition.y
      value: 5.4300013
      objectReference: {fileID: 0}
    - target: {fileID: 3213067384939415341, guid: eb0ab12fd54510d40a399ea3409fec6a,
        type: 3}
      propertyPath: m_LocalPosition.z
      value: 0
      objectReference: {fileID: 0}
    - target: {fileID: 3213067384939415341, guid: eb0ab12fd54510d40a399ea3409fec6a,
        type: 3}
      propertyPath: m_LocalRotation.x
      value: 0
      objectReference: {fileID: 0}
    - target: {fileID: 3213067384939415341, guid: eb0ab12fd54510d40a399ea3409fec6a,
        type: 3}
      propertyPath: m_LocalRotation.y
      value: 0
      objectReference: {fileID: 0}
    - target: {fileID: 3213067384939415341, guid: eb0ab12fd54510d40a399ea3409fec6a,
        type: 3}
      propertyPath: m_LocalRotation.z
      value: 0
      objectReference: {fileID: 0}
    - target: {fileID: 3213067384939415341, guid: eb0ab12fd54510d40a399ea3409fec6a,
        type: 3}
      propertyPath: m_LocalRotation.w
      value: 1
      objectReference: {fileID: 0}
    - target: {fileID: 3213067384939415341, guid: eb0ab12fd54510d40a399ea3409fec6a,
        type: 3}
      propertyPath: m_RootOrder
      value: 5
      objectReference: {fileID: 0}
    - target: {fileID: 3213067384939415341, guid: eb0ab12fd54510d40a399ea3409fec6a,
        type: 3}
      propertyPath: m_LocalEulerAnglesHint.x
      value: 0
      objectReference: {fileID: 0}
    - target: {fileID: 3213067384939415341, guid: eb0ab12fd54510d40a399ea3409fec6a,
        type: 3}
      propertyPath: m_LocalEulerAnglesHint.y
      value: 0
      objectReference: {fileID: 0}
    - target: {fileID: 3213067384939415341, guid: eb0ab12fd54510d40a399ea3409fec6a,
        type: 3}
      propertyPath: m_LocalEulerAnglesHint.z
      value: 0
      objectReference: {fileID: 0}
    m_RemovedComponents: []
  m_SourcePrefab: {fileID: 100100000, guid: eb0ab12fd54510d40a399ea3409fec6a, type: 3}
--- !u!114 &2702003417465575417 stripped
MonoBehaviour:
  m_CorrespondingSourceObject: {fileID: 7360346279686395925, guid: eb0ab12fd54510d40a399ea3409fec6a,
    type: 3}
  m_PrefabInstance: {fileID: 4853264369741336556}
  m_PrefabAsset: {fileID: 0}
  m_GameObject: {fileID: 0}
  m_Enabled: 1
  m_EditorHideFlags: 0
  m_Script: {fileID: 11500000, guid: 6a5fcf0f908a2b0479d45362284782b1, type: 3}
  m_Name: 
  m_EditorClassIdentifier: 
--- !u!4 &8056194231494707393 stripped
Transform:
  m_CorrespondingSourceObject: {fileID: 3213067384939415341, guid: eb0ab12fd54510d40a399ea3409fec6a,
    type: 3}
  m_PrefabInstance: {fileID: 4853264369741336556}
  m_PrefabAsset: {fileID: 0}
--- !u!1001 &5170467712504729687
PrefabInstance:
  m_ObjectHideFlags: 0
  serializedVersion: 2
  m_Modification:
    m_TransformParent: {fileID: 7185821769135031674}
    m_Modifications:
    - target: {fileID: 7481557799788516606, guid: eb0ab12fd54510d40a399ea3409fec6a,
        type: 3}
      propertyPath: m_Name
      value: E3 (4)
      objectReference: {fileID: 0}
    - target: {fileID: 7360346279686395925, guid: eb0ab12fd54510d40a399ea3409fec6a,
        type: 3}
      propertyPath: serializationData.Prefab
      value: 
      objectReference: {fileID: 7360346279686395925, guid: eb0ab12fd54510d40a399ea3409fec6a,
        type: 3}
    - target: {fileID: 3213067384939415341, guid: eb0ab12fd54510d40a399ea3409fec6a,
        type: 3}
      propertyPath: m_LocalPosition.x
      value: -2.09
      objectReference: {fileID: 0}
    - target: {fileID: 3213067384939415341, guid: eb0ab12fd54510d40a399ea3409fec6a,
        type: 3}
      propertyPath: m_LocalPosition.y
      value: 14.35
      objectReference: {fileID: 0}
    - target: {fileID: 3213067384939415341, guid: eb0ab12fd54510d40a399ea3409fec6a,
        type: 3}
      propertyPath: m_LocalPosition.z
      value: 0
      objectReference: {fileID: 0}
    - target: {fileID: 3213067384939415341, guid: eb0ab12fd54510d40a399ea3409fec6a,
        type: 3}
      propertyPath: m_LocalRotation.x
      value: 0
      objectReference: {fileID: 0}
    - target: {fileID: 3213067384939415341, guid: eb0ab12fd54510d40a399ea3409fec6a,
        type: 3}
      propertyPath: m_LocalRotation.y
      value: 0
      objectReference: {fileID: 0}
    - target: {fileID: 3213067384939415341, guid: eb0ab12fd54510d40a399ea3409fec6a,
        type: 3}
      propertyPath: m_LocalRotation.z
      value: 0
      objectReference: {fileID: 0}
    - target: {fileID: 3213067384939415341, guid: eb0ab12fd54510d40a399ea3409fec6a,
        type: 3}
      propertyPath: m_LocalRotation.w
      value: 1
      objectReference: {fileID: 0}
    - target: {fileID: 3213067384939415341, guid: eb0ab12fd54510d40a399ea3409fec6a,
        type: 3}
      propertyPath: m_RootOrder
      value: 13
      objectReference: {fileID: 0}
    - target: {fileID: 3213067384939415341, guid: eb0ab12fd54510d40a399ea3409fec6a,
        type: 3}
      propertyPath: m_LocalEulerAnglesHint.x
      value: 0
      objectReference: {fileID: 0}
    - target: {fileID: 3213067384939415341, guid: eb0ab12fd54510d40a399ea3409fec6a,
        type: 3}
      propertyPath: m_LocalEulerAnglesHint.y
      value: 0
      objectReference: {fileID: 0}
    - target: {fileID: 3213067384939415341, guid: eb0ab12fd54510d40a399ea3409fec6a,
        type: 3}
      propertyPath: m_LocalEulerAnglesHint.z
      value: 0
      objectReference: {fileID: 0}
    m_RemovedComponents: []
  m_SourcePrefab: {fileID: 100100000, guid: eb0ab12fd54510d40a399ea3409fec6a, type: 3}
--- !u!4 &7734416956027934586 stripped
Transform:
  m_CorrespondingSourceObject: {fileID: 3213067384939415341, guid: eb0ab12fd54510d40a399ea3409fec6a,
    type: 3}
  m_PrefabInstance: {fileID: 5170467712504729687}
  m_PrefabAsset: {fileID: 0}
--- !u!114 &2442080250950830146 stripped
MonoBehaviour:
  m_CorrespondingSourceObject: {fileID: 7360346279686395925, guid: eb0ab12fd54510d40a399ea3409fec6a,
    type: 3}
  m_PrefabInstance: {fileID: 5170467712504729687}
  m_PrefabAsset: {fileID: 0}
  m_GameObject: {fileID: 0}
  m_Enabled: 1
  m_EditorHideFlags: 0
  m_Script: {fileID: 11500000, guid: 6a5fcf0f908a2b0479d45362284782b1, type: 3}
  m_Name: 
  m_EditorClassIdentifier: 
--- !u!1001 &5529559606296955672
PrefabInstance:
  m_ObjectHideFlags: 0
  serializedVersion: 2
  m_Modification:
    m_TransformParent: {fileID: 7185821769135031674}
    m_Modifications:
    - target: {fileID: 7481557799788516606, guid: eb0ab12fd54510d40a399ea3409fec6a,
        type: 3}
      propertyPath: m_Name
      value: E3 (7)
      objectReference: {fileID: 0}
    - target: {fileID: 7360346279686395925, guid: eb0ab12fd54510d40a399ea3409fec6a,
        type: 3}
      propertyPath: serializationData.Prefab
      value: 
      objectReference: {fileID: 7360346279686395925, guid: eb0ab12fd54510d40a399ea3409fec6a,
        type: 3}
    - target: {fileID: 3213067384939415341, guid: eb0ab12fd54510d40a399ea3409fec6a,
        type: 3}
      propertyPath: m_LocalPosition.x
      value: 0.39
      objectReference: {fileID: 0}
    - target: {fileID: 3213067384939415341, guid: eb0ab12fd54510d40a399ea3409fec6a,
        type: 3}
      propertyPath: m_LocalPosition.y
      value: 20.16
      objectReference: {fileID: 0}
    - target: {fileID: 3213067384939415341, guid: eb0ab12fd54510d40a399ea3409fec6a,
        type: 3}
      propertyPath: m_LocalPosition.z
      value: 0
      objectReference: {fileID: 0}
    - target: {fileID: 3213067384939415341, guid: eb0ab12fd54510d40a399ea3409fec6a,
        type: 3}
      propertyPath: m_LocalRotation.x
      value: 0
      objectReference: {fileID: 0}
    - target: {fileID: 3213067384939415341, guid: eb0ab12fd54510d40a399ea3409fec6a,
        type: 3}
      propertyPath: m_LocalRotation.y
      value: 0
      objectReference: {fileID: 0}
    - target: {fileID: 3213067384939415341, guid: eb0ab12fd54510d40a399ea3409fec6a,
        type: 3}
      propertyPath: m_LocalRotation.z
      value: 0
      objectReference: {fileID: 0}
    - target: {fileID: 3213067384939415341, guid: eb0ab12fd54510d40a399ea3409fec6a,
        type: 3}
      propertyPath: m_LocalRotation.w
      value: 1
      objectReference: {fileID: 0}
    - target: {fileID: 3213067384939415341, guid: eb0ab12fd54510d40a399ea3409fec6a,
        type: 3}
      propertyPath: m_RootOrder
      value: 19
      objectReference: {fileID: 0}
    - target: {fileID: 3213067384939415341, guid: eb0ab12fd54510d40a399ea3409fec6a,
        type: 3}
      propertyPath: m_LocalEulerAnglesHint.x
      value: 0
      objectReference: {fileID: 0}
    - target: {fileID: 3213067384939415341, guid: eb0ab12fd54510d40a399ea3409fec6a,
        type: 3}
      propertyPath: m_LocalEulerAnglesHint.y
      value: 0
      objectReference: {fileID: 0}
    - target: {fileID: 3213067384939415341, guid: eb0ab12fd54510d40a399ea3409fec6a,
        type: 3}
      propertyPath: m_LocalEulerAnglesHint.z
      value: 0
      objectReference: {fileID: 0}
    m_RemovedComponents: []
  m_SourcePrefab: {fileID: 100100000, guid: eb0ab12fd54510d40a399ea3409fec6a, type: 3}
--- !u!4 &6929890738475420725 stripped
Transform:
  m_CorrespondingSourceObject: {fileID: 3213067384939415341, guid: eb0ab12fd54510d40a399ea3409fec6a,
    type: 3}
  m_PrefabInstance: {fileID: 5529559606296955672}
  m_PrefabAsset: {fileID: 0}
--- !u!114 &3069698869320127245 stripped
MonoBehaviour:
  m_CorrespondingSourceObject: {fileID: 7360346279686395925, guid: eb0ab12fd54510d40a399ea3409fec6a,
    type: 3}
  m_PrefabInstance: {fileID: 5529559606296955672}
  m_PrefabAsset: {fileID: 0}
  m_GameObject: {fileID: 0}
  m_Enabled: 1
  m_EditorHideFlags: 0
  m_Script: {fileID: 11500000, guid: 6a5fcf0f908a2b0479d45362284782b1, type: 3}
  m_Name: 
  m_EditorClassIdentifier: 
--- !u!1001 &5971233056755299037
PrefabInstance:
  m_ObjectHideFlags: 0
  serializedVersion: 2
  m_Modification:
    m_TransformParent: {fileID: 7185821769135031674}
    m_Modifications:
    - target: {fileID: 5536461559820789263, guid: bdf121fdb5dd9a54a9e8562118e07089,
        type: 3}
      propertyPath: m_Name
      value: E12 (2)
      objectReference: {fileID: 0}
    - target: {fileID: 8610309241281566792, guid: bdf121fdb5dd9a54a9e8562118e07089,
        type: 3}
      propertyPath: serializationData.Prefab
      value: 
      objectReference: {fileID: 8610309241281566792, guid: bdf121fdb5dd9a54a9e8562118e07089,
        type: 3}
    - target: {fileID: 545420000681178588, guid: bdf121fdb5dd9a54a9e8562118e07089,
        type: 3}
      propertyPath: m_LocalPosition.x
      value: -2.13
      objectReference: {fileID: 0}
    - target: {fileID: 545420000681178588, guid: bdf121fdb5dd9a54a9e8562118e07089,
        type: 3}
      propertyPath: m_LocalPosition.y
      value: 18.66
      objectReference: {fileID: 0}
    - target: {fileID: 545420000681178588, guid: bdf121fdb5dd9a54a9e8562118e07089,
        type: 3}
      propertyPath: m_LocalPosition.z
      value: 0
      objectReference: {fileID: 0}
    - target: {fileID: 545420000681178588, guid: bdf121fdb5dd9a54a9e8562118e07089,
        type: 3}
      propertyPath: m_LocalRotation.x
      value: 0
      objectReference: {fileID: 0}
    - target: {fileID: 545420000681178588, guid: bdf121fdb5dd9a54a9e8562118e07089,
        type: 3}
      propertyPath: m_LocalRotation.y
      value: 0
      objectReference: {fileID: 0}
    - target: {fileID: 545420000681178588, guid: bdf121fdb5dd9a54a9e8562118e07089,
        type: 3}
      propertyPath: m_LocalRotation.z
      value: 0
      objectReference: {fileID: 0}
    - target: {fileID: 545420000681178588, guid: bdf121fdb5dd9a54a9e8562118e07089,
        type: 3}
      propertyPath: m_LocalRotation.w
      value: 1
      objectReference: {fileID: 0}
    - target: {fileID: 545420000681178588, guid: bdf121fdb5dd9a54a9e8562118e07089,
        type: 3}
      propertyPath: m_RootOrder
      value: 11
      objectReference: {fileID: 0}
    - target: {fileID: 545420000681178588, guid: bdf121fdb5dd9a54a9e8562118e07089,
        type: 3}
      propertyPath: m_LocalEulerAnglesHint.x
      value: 0
      objectReference: {fileID: 0}
    - target: {fileID: 545420000681178588, guid: bdf121fdb5dd9a54a9e8562118e07089,
        type: 3}
      propertyPath: m_LocalEulerAnglesHint.y
      value: 0
      objectReference: {fileID: 0}
    - target: {fileID: 545420000681178588, guid: bdf121fdb5dd9a54a9e8562118e07089,
        type: 3}
      propertyPath: m_LocalEulerAnglesHint.z
      value: 0
      objectReference: {fileID: 0}
    - target: {fileID: -7146671885821618354, guid: bdf121fdb5dd9a54a9e8562118e07089,
        type: 3}
      propertyPath: serializationData.Prefab
      value: 
      objectReference: {fileID: -7146671885821618354, guid: bdf121fdb5dd9a54a9e8562118e07089,
        type: 3}
    m_RemovedComponents: []
  m_SourcePrefab: {fileID: 100100000, guid: bdf121fdb5dd9a54a9e8562118e07089, type: 3}
--- !u!114 &2712260400096864917 stripped
MonoBehaviour:
  m_CorrespondingSourceObject: {fileID: 8610309241281566792, guid: bdf121fdb5dd9a54a9e8562118e07089,
    type: 3}
  m_PrefabInstance: {fileID: 5971233056755299037}
  m_PrefabAsset: {fileID: 0}
  m_GameObject: {fileID: 0}
  m_Enabled: 1
  m_EditorHideFlags: 0
  m_Script: {fileID: 11500000, guid: 0e729adec9988184d990e91da35e8447, type: 3}
  m_Name: 
  m_EditorClassIdentifier: 
--- !u!4 &6147321466636896001 stripped
Transform:
  m_CorrespondingSourceObject: {fileID: 545420000681178588, guid: bdf121fdb5dd9a54a9e8562118e07089,
    type: 3}
  m_PrefabInstance: {fileID: 5971233056755299037}
  m_PrefabAsset: {fileID: 0}
--- !u!1001 &6551447837068518779
PrefabInstance:
  m_ObjectHideFlags: 0
  serializedVersion: 2
  m_Modification:
    m_TransformParent: {fileID: 7185821769135031674}
    m_Modifications:
    - target: {fileID: 5536461559820789263, guid: bdf121fdb5dd9a54a9e8562118e07089,
        type: 3}
      propertyPath: m_Name
      value: E12
      objectReference: {fileID: 0}
    - target: {fileID: 8610309241281566792, guid: bdf121fdb5dd9a54a9e8562118e07089,
        type: 3}
      propertyPath: serializationData.Prefab
      value: 
      objectReference: {fileID: 8610309241281566792, guid: bdf121fdb5dd9a54a9e8562118e07089,
        type: 3}
    - target: {fileID: 545420000681178588, guid: bdf121fdb5dd9a54a9e8562118e07089,
        type: 3}
      propertyPath: m_LocalPosition.x
      value: -0.01
      objectReference: {fileID: 0}
    - target: {fileID: 545420000681178588, guid: bdf121fdb5dd9a54a9e8562118e07089,
        type: 3}
      propertyPath: m_LocalPosition.y
      value: 4.75
      objectReference: {fileID: 0}
    - target: {fileID: 545420000681178588, guid: bdf121fdb5dd9a54a9e8562118e07089,
        type: 3}
      propertyPath: m_LocalPosition.z
      value: 0
      objectReference: {fileID: 0}
    - target: {fileID: 545420000681178588, guid: bdf121fdb5dd9a54a9e8562118e07089,
        type: 3}
      propertyPath: m_LocalRotation.x
      value: 0
      objectReference: {fileID: 0}
    - target: {fileID: 545420000681178588, guid: bdf121fdb5dd9a54a9e8562118e07089,
        type: 3}
      propertyPath: m_LocalRotation.y
      value: 0
      objectReference: {fileID: 0}
    - target: {fileID: 545420000681178588, guid: bdf121fdb5dd9a54a9e8562118e07089,
        type: 3}
      propertyPath: m_LocalRotation.z
      value: 0
      objectReference: {fileID: 0}
    - target: {fileID: 545420000681178588, guid: bdf121fdb5dd9a54a9e8562118e07089,
        type: 3}
      propertyPath: m_LocalRotation.w
      value: 1
      objectReference: {fileID: 0}
    - target: {fileID: 545420000681178588, guid: bdf121fdb5dd9a54a9e8562118e07089,
        type: 3}
      propertyPath: m_RootOrder
      value: 3
      objectReference: {fileID: 0}
    - target: {fileID: 545420000681178588, guid: bdf121fdb5dd9a54a9e8562118e07089,
        type: 3}
      propertyPath: m_LocalEulerAnglesHint.x
      value: 0
      objectReference: {fileID: 0}
    - target: {fileID: 545420000681178588, guid: bdf121fdb5dd9a54a9e8562118e07089,
        type: 3}
      propertyPath: m_LocalEulerAnglesHint.y
      value: 0
      objectReference: {fileID: 0}
    - target: {fileID: 545420000681178588, guid: bdf121fdb5dd9a54a9e8562118e07089,
        type: 3}
      propertyPath: m_LocalEulerAnglesHint.z
      value: 0
      objectReference: {fileID: 0}
    - target: {fileID: -7146671885821618354, guid: bdf121fdb5dd9a54a9e8562118e07089,
        type: 3}
      propertyPath: serializationData.Prefab
      value: 
      objectReference: {fileID: -7146671885821618354, guid: bdf121fdb5dd9a54a9e8562118e07089,
        type: 3}
    m_RemovedComponents: []
  m_SourcePrefab: {fileID: 100100000, guid: bdf121fdb5dd9a54a9e8562118e07089, type: 3}
--- !u!114 &3284986402284092723 stripped
MonoBehaviour:
  m_CorrespondingSourceObject: {fileID: 8610309241281566792, guid: bdf121fdb5dd9a54a9e8562118e07089,
    type: 3}
  m_PrefabInstance: {fileID: 6551447837068518779}
  m_PrefabAsset: {fileID: 0}
  m_GameObject: {fileID: 0}
  m_Enabled: 1
  m_EditorHideFlags: 0
  m_Script: {fileID: 11500000, guid: 0e729adec9988184d990e91da35e8447, type: 3}
  m_Name: 
  m_EditorClassIdentifier: 
--- !u!4 &6735928744043008167 stripped
Transform:
  m_CorrespondingSourceObject: {fileID: 545420000681178588, guid: bdf121fdb5dd9a54a9e8562118e07089,
    type: 3}
  m_PrefabInstance: {fileID: 6551447837068518779}
  m_PrefabAsset: {fileID: 0}
--- !u!1001 &6754088760750332297
PrefabInstance:
  m_ObjectHideFlags: 0
  serializedVersion: 2
  m_Modification:
    m_TransformParent: {fileID: 7185821769135031674}
    m_Modifications:
    - target: {fileID: 5630953310540629630, guid: a7122e13dde9be6409788db4eab83f8b,
        type: 3}
      propertyPath: m_Name
      value: Obstacle (2)
      objectReference: {fileID: 0}
    - target: {fileID: 1491892829220221822, guid: a7122e13dde9be6409788db4eab83f8b,
        type: 3}
      propertyPath: m_LocalPosition.x
      value: 1.52
      objectReference: {fileID: 0}
    - target: {fileID: 1491892829220221822, guid: a7122e13dde9be6409788db4eab83f8b,
        type: 3}
      propertyPath: m_LocalPosition.y
      value: 22.120003
      objectReference: {fileID: 0}
    - target: {fileID: 1491892829220221822, guid: a7122e13dde9be6409788db4eab83f8b,
        type: 3}
      propertyPath: m_LocalPosition.z
      value: 0
      objectReference: {fileID: 0}
    - target: {fileID: 1491892829220221822, guid: a7122e13dde9be6409788db4eab83f8b,
        type: 3}
      propertyPath: m_LocalRotation.x
      value: 0
      objectReference: {fileID: 0}
    - target: {fileID: 1491892829220221822, guid: a7122e13dde9be6409788db4eab83f8b,
        type: 3}
      propertyPath: m_LocalRotation.y
      value: 0
      objectReference: {fileID: 0}
    - target: {fileID: 1491892829220221822, guid: a7122e13dde9be6409788db4eab83f8b,
        type: 3}
      propertyPath: m_LocalRotation.z
      value: 0
      objectReference: {fileID: 0}
    - target: {fileID: 1491892829220221822, guid: a7122e13dde9be6409788db4eab83f8b,
        type: 3}
      propertyPath: m_LocalRotation.w
      value: 1
      objectReference: {fileID: 0}
    - target: {fileID: 1491892829220221822, guid: a7122e13dde9be6409788db4eab83f8b,
        type: 3}
      propertyPath: m_RootOrder
      value: 23
      objectReference: {fileID: 0}
    - target: {fileID: 1491892829220221822, guid: a7122e13dde9be6409788db4eab83f8b,
        type: 3}
      propertyPath: m_LocalEulerAnglesHint.x
      value: 0
      objectReference: {fileID: 0}
    - target: {fileID: 1491892829220221822, guid: a7122e13dde9be6409788db4eab83f8b,
        type: 3}
      propertyPath: m_LocalEulerAnglesHint.y
      value: 0
      objectReference: {fileID: 0}
    - target: {fileID: 1491892829220221822, guid: a7122e13dde9be6409788db4eab83f8b,
        type: 3}
      propertyPath: m_LocalEulerAnglesHint.z
      value: 0
      objectReference: {fileID: 0}
    m_RemovedComponents: []
  m_SourcePrefab: {fileID: 100100000, guid: a7122e13dde9be6409788db4eab83f8b, type: 3}
--- !u!4 &5264447855898454775 stripped
Transform:
  m_CorrespondingSourceObject: {fileID: 1491892829220221822, guid: a7122e13dde9be6409788db4eab83f8b,
    type: 3}
  m_PrefabInstance: {fileID: 6754088760750332297}
  m_PrefabAsset: {fileID: 0}
--- !u!1001 &6965543441452904050
PrefabInstance:
  m_ObjectHideFlags: 0
  serializedVersion: 2
  m_Modification:
    m_TransformParent: {fileID: 7185821769135031674}
    m_Modifications:
    - target: {fileID: 1055261514378381830, guid: 8e137a9754a2943468d803f756fb6159,
        type: 3}
      propertyPath: m_Name
      value: E8 (1)
      objectReference: {fileID: 0}
    - target: {fileID: 4061033028420510419, guid: 8e137a9754a2943468d803f756fb6159,
        type: 3}
      propertyPath: serializationData.Prefab
      value: 
      objectReference: {fileID: 4061033028420510419, guid: 8e137a9754a2943468d803f756fb6159,
        type: 3}
    - target: {fileID: 8862706288365551794, guid: 8e137a9754a2943468d803f756fb6159,
        type: 3}
      propertyPath: serializationData.Prefab
      value: 
      objectReference: {fileID: 8862706288365551794, guid: 8e137a9754a2943468d803f756fb6159,
        type: 3}
    - target: {fileID: 5035521554955213269, guid: 8e137a9754a2943468d803f756fb6159,
        type: 3}
      propertyPath: m_LocalPosition.x
      value: 0.01
      objectReference: {fileID: 0}
    - target: {fileID: 5035521554955213269, guid: 8e137a9754a2943468d803f756fb6159,
        type: 3}
      propertyPath: m_LocalPosition.y
      value: 9.69
      objectReference: {fileID: 0}
    - target: {fileID: 5035521554955213269, guid: 8e137a9754a2943468d803f756fb6159,
        type: 3}
      propertyPath: m_LocalPosition.z
      value: 0
      objectReference: {fileID: 0}
    - target: {fileID: 5035521554955213269, guid: 8e137a9754a2943468d803f756fb6159,
        type: 3}
      propertyPath: m_LocalRotation.x
      value: 0
      objectReference: {fileID: 0}
    - target: {fileID: 5035521554955213269, guid: 8e137a9754a2943468d803f756fb6159,
        type: 3}
      propertyPath: m_LocalRotation.y
      value: 0
      objectReference: {fileID: 0}
    - target: {fileID: 5035521554955213269, guid: 8e137a9754a2943468d803f756fb6159,
        type: 3}
      propertyPath: m_LocalRotation.z
      value: 0
      objectReference: {fileID: 0}
    - target: {fileID: 5035521554955213269, guid: 8e137a9754a2943468d803f756fb6159,
        type: 3}
      propertyPath: m_LocalRotation.w
      value: 1
      objectReference: {fileID: 0}
    - target: {fileID: 5035521554955213269, guid: 8e137a9754a2943468d803f756fb6159,
        type: 3}
      propertyPath: m_RootOrder
      value: 24
      objectReference: {fileID: 0}
    - target: {fileID: 5035521554955213269, guid: 8e137a9754a2943468d803f756fb6159,
        type: 3}
      propertyPath: m_LocalEulerAnglesHint.x
      value: 0
      objectReference: {fileID: 0}
    - target: {fileID: 5035521554955213269, guid: 8e137a9754a2943468d803f756fb6159,
        type: 3}
      propertyPath: m_LocalEulerAnglesHint.y
      value: 0
      objectReference: {fileID: 0}
    - target: {fileID: 5035521554955213269, guid: 8e137a9754a2943468d803f756fb6159,
        type: 3}
      propertyPath: m_LocalEulerAnglesHint.z
      value: 0
      objectReference: {fileID: 0}
    m_RemovedComponents: []
  m_SourcePrefab: {fileID: 100100000, guid: 8e137a9754a2943468d803f756fb6159, type: 3}
--- !u!4 &2687330620597057447 stripped
Transform:
  m_CorrespondingSourceObject: {fileID: 5035521554955213269, guid: 8e137a9754a2943468d803f756fb6159,
    type: 3}
  m_PrefabInstance: {fileID: 6965543441452904050}
  m_PrefabAsset: {fileID: 0}
--- !u!114 &6408944285851847841 stripped
MonoBehaviour:
  m_CorrespondingSourceObject: {fileID: 4061033028420510419, guid: 8e137a9754a2943468d803f756fb6159,
    type: 3}
  m_PrefabInstance: {fileID: 6965543441452904050}
  m_PrefabAsset: {fileID: 0}
  m_GameObject: {fileID: 0}
  m_Enabled: 1
  m_EditorHideFlags: 0
  m_Script: {fileID: 11500000, guid: 8c78a91af9ab65143986ae1f575dbcbc, type: 3}
  m_Name: 
  m_EditorClassIdentifier: 
--- !u!1001 &7293945388813457729
PrefabInstance:
  m_ObjectHideFlags: 0
  serializedVersion: 2
  m_Modification:
    m_TransformParent: {fileID: 7185821769135031674}
    m_Modifications:
    - target: {fileID: 7481557799788516606, guid: eb0ab12fd54510d40a399ea3409fec6a,
        type: 3}
      propertyPath: m_Name
      value: E3 (3)
      objectReference: {fileID: 0}
    - target: {fileID: 7360346279686395925, guid: eb0ab12fd54510d40a399ea3409fec6a,
        type: 3}
      propertyPath: serializationData.Prefab
      value: 
      objectReference: {fileID: 7360346279686395925, guid: eb0ab12fd54510d40a399ea3409fec6a,
        type: 3}
    - target: {fileID: 3213067384939415341, guid: eb0ab12fd54510d40a399ea3409fec6a,
        type: 3}
      propertyPath: m_LocalPosition.x
      value: 0
      objectReference: {fileID: 0}
    - target: {fileID: 3213067384939415341, guid: eb0ab12fd54510d40a399ea3409fec6a,
        type: 3}
      propertyPath: m_LocalPosition.y
      value: 6.97
      objectReference: {fileID: 0}
    - target: {fileID: 3213067384939415341, guid: eb0ab12fd54510d40a399ea3409fec6a,
        type: 3}
      propertyPath: m_LocalPosition.z
      value: 0
      objectReference: {fileID: 0}
    - target: {fileID: 3213067384939415341, guid: eb0ab12fd54510d40a399ea3409fec6a,
        type: 3}
      propertyPath: m_LocalRotation.x
      value: 0
      objectReference: {fileID: 0}
    - target: {fileID: 3213067384939415341, guid: eb0ab12fd54510d40a399ea3409fec6a,
        type: 3}
      propertyPath: m_LocalRotation.y
      value: 0
      objectReference: {fileID: 0}
    - target: {fileID: 3213067384939415341, guid: eb0ab12fd54510d40a399ea3409fec6a,
        type: 3}
      propertyPath: m_LocalRotation.z
      value: 0
      objectReference: {fileID: 0}
    - target: {fileID: 3213067384939415341, guid: eb0ab12fd54510d40a399ea3409fec6a,
        type: 3}
      propertyPath: m_LocalRotation.w
      value: 1
      objectReference: {fileID: 0}
    - target: {fileID: 3213067384939415341, guid: eb0ab12fd54510d40a399ea3409fec6a,
        type: 3}
      propertyPath: m_RootOrder
      value: 7
      objectReference: {fileID: 0}
    - target: {fileID: 3213067384939415341, guid: eb0ab12fd54510d40a399ea3409fec6a,
        type: 3}
      propertyPath: m_LocalEulerAnglesHint.x
      value: 0
      objectReference: {fileID: 0}
    - target: {fileID: 3213067384939415341, guid: eb0ab12fd54510d40a399ea3409fec6a,
        type: 3}
      propertyPath: m_LocalEulerAnglesHint.y
      value: 0
      objectReference: {fileID: 0}
    - target: {fileID: 3213067384939415341, guid: eb0ab12fd54510d40a399ea3409fec6a,
        type: 3}
      propertyPath: m_LocalEulerAnglesHint.z
      value: 0
      objectReference: {fileID: 0}
    m_RemovedComponents: []
  m_SourcePrefab: {fileID: 100100000, guid: eb0ab12fd54510d40a399ea3409fec6a, type: 3}
--- !u!4 &5309277136142868076 stripped
Transform:
  m_CorrespondingSourceObject: {fileID: 3213067384939415341, guid: eb0ab12fd54510d40a399ea3409fec6a,
    type: 3}
  m_PrefabInstance: {fileID: 7293945388813457729}
  m_PrefabAsset: {fileID: 0}
--- !u!114 &224194125174423892 stripped
MonoBehaviour:
  m_CorrespondingSourceObject: {fileID: 7360346279686395925, guid: eb0ab12fd54510d40a399ea3409fec6a,
    type: 3}
  m_PrefabInstance: {fileID: 7293945388813457729}
  m_PrefabAsset: {fileID: 0}
  m_GameObject: {fileID: 0}
  m_Enabled: 1
  m_EditorHideFlags: 0
  m_Script: {fileID: 11500000, guid: 6a5fcf0f908a2b0479d45362284782b1, type: 3}
  m_Name: 
  m_EditorClassIdentifier: 
--- !u!1001 &7299441825161787659
PrefabInstance:
  m_ObjectHideFlags: 0
  serializedVersion: 2
  m_Modification:
    m_TransformParent: {fileID: 7185821769135031674}
    m_Modifications:
    - target: {fileID: 1055261514378381830, guid: 8e137a9754a2943468d803f756fb6159,
        type: 3}
      propertyPath: m_Name
      value: E8
      objectReference: {fileID: 0}
    - target: {fileID: 4061033028420510419, guid: 8e137a9754a2943468d803f756fb6159,
        type: 3}
      propertyPath: serializationData.Prefab
      value: 
      objectReference: {fileID: 4061033028420510419, guid: 8e137a9754a2943468d803f756fb6159,
        type: 3}
    - target: {fileID: 8862706288365551794, guid: 8e137a9754a2943468d803f756fb6159,
        type: 3}
      propertyPath: serializationData.Prefab
      value: 
      objectReference: {fileID: 8862706288365551794, guid: 8e137a9754a2943468d803f756fb6159,
        type: 3}
    - target: {fileID: 5035521554955213269, guid: 8e137a9754a2943468d803f756fb6159,
        type: 3}
      propertyPath: m_LocalPosition.x
      value: 1.08
      objectReference: {fileID: 0}
    - target: {fileID: 5035521554955213269, guid: 8e137a9754a2943468d803f756fb6159,
        type: 3}
      propertyPath: m_LocalPosition.y
      value: 10.01
      objectReference: {fileID: 0}
    - target: {fileID: 5035521554955213269, guid: 8e137a9754a2943468d803f756fb6159,
        type: 3}
      propertyPath: m_LocalPosition.z
      value: 0
      objectReference: {fileID: 0}
    - target: {fileID: 5035521554955213269, guid: 8e137a9754a2943468d803f756fb6159,
        type: 3}
      propertyPath: m_LocalRotation.x
      value: 0
      objectReference: {fileID: 0}
    - target: {fileID: 5035521554955213269, guid: 8e137a9754a2943468d803f756fb6159,
        type: 3}
      propertyPath: m_LocalRotation.y
      value: 0
      objectReference: {fileID: 0}
    - target: {fileID: 5035521554955213269, guid: 8e137a9754a2943468d803f756fb6159,
        type: 3}
      propertyPath: m_LocalRotation.z
      value: 0
      objectReference: {fileID: 0}
    - target: {fileID: 5035521554955213269, guid: 8e137a9754a2943468d803f756fb6159,
        type: 3}
      propertyPath: m_LocalRotation.w
      value: 1
      objectReference: {fileID: 0}
    - target: {fileID: 5035521554955213269, guid: 8e137a9754a2943468d803f756fb6159,
        type: 3}
      propertyPath: m_RootOrder
      value: 8
      objectReference: {fileID: 0}
    - target: {fileID: 5035521554955213269, guid: 8e137a9754a2943468d803f756fb6159,
        type: 3}
      propertyPath: m_LocalEulerAnglesHint.x
      value: 0
      objectReference: {fileID: 0}
    - target: {fileID: 5035521554955213269, guid: 8e137a9754a2943468d803f756fb6159,
        type: 3}
      propertyPath: m_LocalEulerAnglesHint.y
      value: 0
      objectReference: {fileID: 0}
    - target: {fileID: 5035521554955213269, guid: 8e137a9754a2943468d803f756fb6159,
        type: 3}
      propertyPath: m_LocalEulerAnglesHint.z
      value: 0
      objectReference: {fileID: 0}
    m_RemovedComponents: []
  m_SourcePrefab: {fileID: 100100000, guid: 8e137a9754a2943468d803f756fb6159, type: 3}
--- !u!114 &6707939775934340056 stripped
MonoBehaviour:
  m_CorrespondingSourceObject: {fileID: 4061033028420510419, guid: 8e137a9754a2943468d803f756fb6159,
    type: 3}
  m_PrefabInstance: {fileID: 7299441825161787659}
  m_PrefabAsset: {fileID: 0}
  m_GameObject: {fileID: 0}
  m_Enabled: 1
  m_EditorHideFlags: 0
  m_Script: {fileID: 11500000, guid: 8c78a91af9ab65143986ae1f575dbcbc, type: 3}
  m_Name: 
  m_EditorClassIdentifier: 
--- !u!4 &2354564047472959710 stripped
Transform:
  m_CorrespondingSourceObject: {fileID: 5035521554955213269, guid: 8e137a9754a2943468d803f756fb6159,
    type: 3}
  m_PrefabInstance: {fileID: 7299441825161787659}
  m_PrefabAsset: {fileID: 0}
--- !u!1001 &7760512048248196574
PrefabInstance:
  m_ObjectHideFlags: 0
  serializedVersion: 2
  m_Modification:
    m_TransformParent: {fileID: 7185821769135031674}
    m_Modifications:
    - target: {fileID: 7481557799788516606, guid: eb0ab12fd54510d40a399ea3409fec6a,
        type: 3}
      propertyPath: m_Name
      value: E3
      objectReference: {fileID: 0}
    - target: {fileID: 7360346279686395925, guid: eb0ab12fd54510d40a399ea3409fec6a,
        type: 3}
      propertyPath: serializationData.Prefab
      value: 
      objectReference: {fileID: 7360346279686395925, guid: eb0ab12fd54510d40a399ea3409fec6a,
        type: 3}
    - target: {fileID: 3213067384939415341, guid: eb0ab12fd54510d40a399ea3409fec6a,
        type: 3}
      propertyPath: m_LocalPosition.x
      value: 0
      objectReference: {fileID: 0}
    - target: {fileID: 3213067384939415341, guid: eb0ab12fd54510d40a399ea3409fec6a,
        type: 3}
      propertyPath: m_LocalPosition.y
      value: 1
      objectReference: {fileID: 0}
    - target: {fileID: 3213067384939415341, guid: eb0ab12fd54510d40a399ea3409fec6a,
        type: 3}
      propertyPath: m_LocalPosition.z
      value: 0
      objectReference: {fileID: 0}
    - target: {fileID: 3213067384939415341, guid: eb0ab12fd54510d40a399ea3409fec6a,
        type: 3}
      propertyPath: m_LocalRotation.x
      value: 0
      objectReference: {fileID: 0}
    - target: {fileID: 3213067384939415341, guid: eb0ab12fd54510d40a399ea3409fec6a,
        type: 3}
      propertyPath: m_LocalRotation.y
      value: 0
      objectReference: {fileID: 0}
    - target: {fileID: 3213067384939415341, guid: eb0ab12fd54510d40a399ea3409fec6a,
        type: 3}
      propertyPath: m_LocalRotation.z
      value: 0
      objectReference: {fileID: 0}
    - target: {fileID: 3213067384939415341, guid: eb0ab12fd54510d40a399ea3409fec6a,
        type: 3}
      propertyPath: m_LocalRotation.w
      value: 1
      objectReference: {fileID: 0}
    - target: {fileID: 3213067384939415341, guid: eb0ab12fd54510d40a399ea3409fec6a,
        type: 3}
      propertyPath: m_RootOrder
      value: 4
      objectReference: {fileID: 0}
    - target: {fileID: 3213067384939415341, guid: eb0ab12fd54510d40a399ea3409fec6a,
        type: 3}
      propertyPath: m_LocalEulerAnglesHint.x
      value: 0
      objectReference: {fileID: 0}
    - target: {fileID: 3213067384939415341, guid: eb0ab12fd54510d40a399ea3409fec6a,
        type: 3}
      propertyPath: m_LocalEulerAnglesHint.y
      value: 0
      objectReference: {fileID: 0}
    - target: {fileID: 3213067384939415341, guid: eb0ab12fd54510d40a399ea3409fec6a,
        type: 3}
      propertyPath: m_LocalEulerAnglesHint.z
      value: 0
      objectReference: {fileID: 0}
    m_RemovedComponents: []
  m_SourcePrefab: {fileID: 100100000, guid: eb0ab12fd54510d40a399ea3409fec6a, type: 3}
--- !u!114 &979483881540048331 stripped
MonoBehaviour:
  m_CorrespondingSourceObject: {fileID: 7360346279686395925, guid: eb0ab12fd54510d40a399ea3409fec6a,
    type: 3}
  m_PrefabInstance: {fileID: 7760512048248196574}
  m_PrefabAsset: {fileID: 0}
  m_GameObject: {fileID: 0}
  m_Enabled: 1
  m_EditorHideFlags: 0
  m_Script: {fileID: 11500000, guid: 6a5fcf0f908a2b0479d45362284782b1, type: 3}
  m_Name: 
  m_EditorClassIdentifier: 
--- !u!4 &5126780089300421363 stripped
Transform:
  m_CorrespondingSourceObject: {fileID: 3213067384939415341, guid: eb0ab12fd54510d40a399ea3409fec6a,
    type: 3}
  m_PrefabInstance: {fileID: 7760512048248196574}
  m_PrefabAsset: {fileID: 0}
--- !u!1001 &7882387516910815796
PrefabInstance:
  m_ObjectHideFlags: 0
  serializedVersion: 2
  m_Modification:
    m_TransformParent: {fileID: 7185821769135031674}
    m_Modifications:
    - target: {fileID: 5536461559820789263, guid: bdf121fdb5dd9a54a9e8562118e07089,
        type: 3}
      propertyPath: m_Name
      value: E12 (3)
      objectReference: {fileID: 0}
    - target: {fileID: 8610309241281566792, guid: bdf121fdb5dd9a54a9e8562118e07089,
        type: 3}
      propertyPath: serializationData.Prefab
      value: 
      objectReference: {fileID: 8610309241281566792, guid: bdf121fdb5dd9a54a9e8562118e07089,
        type: 3}
    - target: {fileID: 545420000681178588, guid: bdf121fdb5dd9a54a9e8562118e07089,
        type: 3}
      propertyPath: m_LocalPosition.x
      value: 1.66
      objectReference: {fileID: 0}
    - target: {fileID: 545420000681178588, guid: bdf121fdb5dd9a54a9e8562118e07089,
        type: 3}
      propertyPath: m_LocalPosition.y
      value: 23.51
      objectReference: {fileID: 0}
    - target: {fileID: 545420000681178588, guid: bdf121fdb5dd9a54a9e8562118e07089,
        type: 3}
      propertyPath: m_LocalPosition.z
      value: 0
      objectReference: {fileID: 0}
    - target: {fileID: 545420000681178588, guid: bdf121fdb5dd9a54a9e8562118e07089,
        type: 3}
      propertyPath: m_LocalRotation.x
      value: 0
      objectReference: {fileID: 0}
    - target: {fileID: 545420000681178588, guid: bdf121fdb5dd9a54a9e8562118e07089,
        type: 3}
      propertyPath: m_LocalRotation.y
      value: 0
      objectReference: {fileID: 0}
    - target: {fileID: 545420000681178588, guid: bdf121fdb5dd9a54a9e8562118e07089,
        type: 3}
      propertyPath: m_LocalRotation.z
      value: 0
      objectReference: {fileID: 0}
    - target: {fileID: 545420000681178588, guid: bdf121fdb5dd9a54a9e8562118e07089,
        type: 3}
      propertyPath: m_LocalRotation.w
      value: 1
      objectReference: {fileID: 0}
    - target: {fileID: 545420000681178588, guid: bdf121fdb5dd9a54a9e8562118e07089,
        type: 3}
      propertyPath: m_RootOrder
      value: 16
      objectReference: {fileID: 0}
    - target: {fileID: 545420000681178588, guid: bdf121fdb5dd9a54a9e8562118e07089,
        type: 3}
      propertyPath: m_LocalEulerAnglesHint.x
      value: 0
      objectReference: {fileID: 0}
    - target: {fileID: 545420000681178588, guid: bdf121fdb5dd9a54a9e8562118e07089,
        type: 3}
      propertyPath: m_LocalEulerAnglesHint.y
      value: 0
      objectReference: {fileID: 0}
    - target: {fileID: 545420000681178588, guid: bdf121fdb5dd9a54a9e8562118e07089,
        type: 3}
      propertyPath: m_LocalEulerAnglesHint.z
      value: 0
      objectReference: {fileID: 0}
    - target: {fileID: -7146671885821618354, guid: bdf121fdb5dd9a54a9e8562118e07089,
        type: 3}
      propertyPath: serializationData.Prefab
      value: 
      objectReference: {fileID: -7146671885821618354, guid: bdf121fdb5dd9a54a9e8562118e07089,
        type: 3}
    m_RemovedComponents: []
  m_SourcePrefab: {fileID: 100100000, guid: bdf121fdb5dd9a54a9e8562118e07089, type: 3}
--- !u!114 &1881989031867748988 stripped
MonoBehaviour:
  m_CorrespondingSourceObject: {fileID: 8610309241281566792, guid: bdf121fdb5dd9a54a9e8562118e07089,
    type: 3}
  m_PrefabInstance: {fileID: 7882387516910815796}
  m_PrefabAsset: {fileID: 0}
  m_GameObject: {fileID: 0}
  m_Enabled: 1
  m_EditorHideFlags: 0
  m_Script: {fileID: 11500000, guid: 0e729adec9988184d990e91da35e8447, type: 3}
  m_Name: 
  m_EditorClassIdentifier: 
--- !u!4 &7706333198318305256 stripped
Transform:
  m_CorrespondingSourceObject: {fileID: 545420000681178588, guid: bdf121fdb5dd9a54a9e8562118e07089,
    type: 3}
  m_PrefabInstance: {fileID: 7882387516910815796}
  m_PrefabAsset: {fileID: 0}
--- !u!1001 &7886412132946025613
PrefabInstance:
  m_ObjectHideFlags: 0
  serializedVersion: 2
  m_Modification:
    m_TransformParent: {fileID: 7185821769135031674}
    m_Modifications:
    - target: {fileID: 7481557799788516606, guid: eb0ab12fd54510d40a399ea3409fec6a,
        type: 3}
      propertyPath: m_Name
      value: E3 (8)
      objectReference: {fileID: 0}
    - target: {fileID: 7360346279686395925, guid: eb0ab12fd54510d40a399ea3409fec6a,
        type: 3}
      propertyPath: serializationData.Prefab
      value: 
      objectReference: {fileID: 7360346279686395925, guid: eb0ab12fd54510d40a399ea3409fec6a,
        type: 3}
    - target: {fileID: 3213067384939415341, guid: eb0ab12fd54510d40a399ea3409fec6a,
        type: 3}
      propertyPath: m_LocalPosition.x
      value: -1.58
      objectReference: {fileID: 0}
    - target: {fileID: 3213067384939415341, guid: eb0ab12fd54510d40a399ea3409fec6a,
        type: 3}
      propertyPath: m_LocalPosition.y
      value: 22.7
      objectReference: {fileID: 0}
    - target: {fileID: 3213067384939415341, guid: eb0ab12fd54510d40a399ea3409fec6a,
        type: 3}
      propertyPath: m_LocalPosition.z
      value: 0
      objectReference: {fileID: 0}
    - target: {fileID: 3213067384939415341, guid: eb0ab12fd54510d40a399ea3409fec6a,
        type: 3}
      propertyPath: m_LocalRotation.x
      value: 0
      objectReference: {fileID: 0}
    - target: {fileID: 3213067384939415341, guid: eb0ab12fd54510d40a399ea3409fec6a,
        type: 3}
      propertyPath: m_LocalRotation.y
      value: 0
      objectReference: {fileID: 0}
    - target: {fileID: 3213067384939415341, guid: eb0ab12fd54510d40a399ea3409fec6a,
        type: 3}
      propertyPath: m_LocalRotation.z
      value: 0
      objectReference: {fileID: 0}
    - target: {fileID: 3213067384939415341, guid: eb0ab12fd54510d40a399ea3409fec6a,
        type: 3}
      propertyPath: m_LocalRotation.w
      value: 1
      objectReference: {fileID: 0}
    - target: {fileID: 3213067384939415341, guid: eb0ab12fd54510d40a399ea3409fec6a,
        type: 3}
      propertyPath: m_RootOrder
      value: 20
      objectReference: {fileID: 0}
    - target: {fileID: 3213067384939415341, guid: eb0ab12fd54510d40a399ea3409fec6a,
        type: 3}
      propertyPath: m_LocalEulerAnglesHint.x
      value: 0
      objectReference: {fileID: 0}
    - target: {fileID: 3213067384939415341, guid: eb0ab12fd54510d40a399ea3409fec6a,
        type: 3}
      propertyPath: m_LocalEulerAnglesHint.y
      value: 0
      objectReference: {fileID: 0}
    - target: {fileID: 3213067384939415341, guid: eb0ab12fd54510d40a399ea3409fec6a,
        type: 3}
      propertyPath: m_LocalEulerAnglesHint.z
      value: 0
      objectReference: {fileID: 0}
    m_RemovedComponents: []
  m_SourcePrefab: {fileID: 100100000, guid: eb0ab12fd54510d40a399ea3409fec6a, type: 3}
--- !u!4 &4748256144544308128 stripped
Transform:
  m_CorrespondingSourceObject: {fileID: 3213067384939415341, guid: eb0ab12fd54510d40a399ea3409fec6a,
    type: 3}
  m_PrefabInstance: {fileID: 7886412132946025613}
  m_PrefabAsset: {fileID: 0}
--- !u!114 &817150431137842328 stripped
MonoBehaviour:
  m_CorrespondingSourceObject: {fileID: 7360346279686395925, guid: eb0ab12fd54510d40a399ea3409fec6a,
    type: 3}
  m_PrefabInstance: {fileID: 7886412132946025613}
  m_PrefabAsset: {fileID: 0}
  m_GameObject: {fileID: 0}
  m_Enabled: 1
  m_EditorHideFlags: 0
  m_Script: {fileID: 11500000, guid: 6a5fcf0f908a2b0479d45362284782b1, type: 3}
  m_Name: 
  m_EditorClassIdentifier: 
--- !u!1001 &8289901138257874374
PrefabInstance:
  m_ObjectHideFlags: 0
  serializedVersion: 2
  m_Modification:
    m_TransformParent: {fileID: 7185821769135031674}
    m_Modifications:
    - target: {fileID: 1055261514378381830, guid: 8e137a9754a2943468d803f756fb6159,
        type: 3}
      propertyPath: m_Name
      value: E8 (2)
      objectReference: {fileID: 0}
    - target: {fileID: 4061033028420510419, guid: 8e137a9754a2943468d803f756fb6159,
        type: 3}
      propertyPath: serializationData.Prefab
      value: 
      objectReference: {fileID: 4061033028420510419, guid: 8e137a9754a2943468d803f756fb6159,
        type: 3}
    - target: {fileID: 8862706288365551794, guid: 8e137a9754a2943468d803f756fb6159,
        type: 3}
      propertyPath: serializationData.Prefab
      value: 
      objectReference: {fileID: 8862706288365551794, guid: 8e137a9754a2943468d803f756fb6159,
        type: 3}
    - target: {fileID: 5035521554955213269, guid: 8e137a9754a2943468d803f756fb6159,
        type: 3}
      propertyPath: m_LocalPosition.x
      value: -1.09
      objectReference: {fileID: 0}
    - target: {fileID: 5035521554955213269, guid: 8e137a9754a2943468d803f756fb6159,
        type: 3}
      propertyPath: m_LocalPosition.y
      value: 10.01
      objectReference: {fileID: 0}
    - target: {fileID: 5035521554955213269, guid: 8e137a9754a2943468d803f756fb6159,
        type: 3}
      propertyPath: m_LocalPosition.z
      value: 0
      objectReference: {fileID: 0}
    - target: {fileID: 5035521554955213269, guid: 8e137a9754a2943468d803f756fb6159,
        type: 3}
      propertyPath: m_LocalRotation.x
      value: 0
      objectReference: {fileID: 0}
    - target: {fileID: 5035521554955213269, guid: 8e137a9754a2943468d803f756fb6159,
        type: 3}
      propertyPath: m_LocalRotation.y
      value: 0
      objectReference: {fileID: 0}
    - target: {fileID: 5035521554955213269, guid: 8e137a9754a2943468d803f756fb6159,
        type: 3}
      propertyPath: m_LocalRotation.z
      value: 0
      objectReference: {fileID: 0}
    - target: {fileID: 5035521554955213269, guid: 8e137a9754a2943468d803f756fb6159,
        type: 3}
      propertyPath: m_LocalRotation.w
      value: 1
      objectReference: {fileID: 0}
    - target: {fileID: 5035521554955213269, guid: 8e137a9754a2943468d803f756fb6159,
        type: 3}
      propertyPath: m_RootOrder
      value: 9
      objectReference: {fileID: 0}
    - target: {fileID: 5035521554955213269, guid: 8e137a9754a2943468d803f756fb6159,
        type: 3}
      propertyPath: m_LocalEulerAnglesHint.x
      value: 0
      objectReference: {fileID: 0}
    - target: {fileID: 5035521554955213269, guid: 8e137a9754a2943468d803f756fb6159,
        type: 3}
      propertyPath: m_LocalEulerAnglesHint.y
      value: 0
      objectReference: {fileID: 0}
    - target: {fileID: 5035521554955213269, guid: 8e137a9754a2943468d803f756fb6159,
        type: 3}
      propertyPath: m_LocalEulerAnglesHint.z
      value: 0
      objectReference: {fileID: 0}
    m_RemovedComponents: []
  m_SourcePrefab: {fileID: 100100000, guid: 8e137a9754a2943468d803f756fb6159, type: 3}
--- !u!114 &5426860830523502357 stripped
MonoBehaviour:
  m_CorrespondingSourceObject: {fileID: 4061033028420510419, guid: 8e137a9754a2943468d803f756fb6159,
    type: 3}
  m_PrefabInstance: {fileID: 8289901138257874374}
  m_PrefabAsset: {fileID: 0}
  m_GameObject: {fileID: 0}
  m_Enabled: 1
  m_EditorHideFlags: 0
  m_Script: {fileID: 11500000, guid: 8c78a91af9ab65143986ae1f575dbcbc, type: 3}
  m_Name: 
  m_EditorClassIdentifier: 
--- !u!4 &3957081897189381139 stripped
Transform:
  m_CorrespondingSourceObject: {fileID: 5035521554955213269, guid: 8e137a9754a2943468d803f756fb6159,
    type: 3}
  m_PrefabInstance: {fileID: 8289901138257874374}
  m_PrefabAsset: {fileID: 0}
--- !u!1001 &8846554706318012506
PrefabInstance:
  m_ObjectHideFlags: 0
  serializedVersion: 2
  m_Modification:
    m_TransformParent: {fileID: 7185821769135031674}
    m_Modifications:
    - target: {fileID: 7481557799788516606, guid: eb0ab12fd54510d40a399ea3409fec6a,
        type: 3}
      propertyPath: m_Name
      value: E3 (2)
      objectReference: {fileID: 0}
    - target: {fileID: 7360346279686395925, guid: eb0ab12fd54510d40a399ea3409fec6a,
        type: 3}
      propertyPath: serializationData.Prefab
      value: 
      objectReference: {fileID: 7360346279686395925, guid: eb0ab12fd54510d40a399ea3409fec6a,
        type: 3}
    - target: {fileID: 3213067384939415341, guid: eb0ab12fd54510d40a399ea3409fec6a,
        type: 3}
      propertyPath: m_LocalPosition.x
      value: -2.09
      objectReference: {fileID: 0}
    - target: {fileID: 3213067384939415341, guid: eb0ab12fd54510d40a399ea3409fec6a,
        type: 3}
      propertyPath: m_LocalPosition.y
      value: 5.43
      objectReference: {fileID: 0}
    - target: {fileID: 3213067384939415341, guid: eb0ab12fd54510d40a399ea3409fec6a,
        type: 3}
      propertyPath: m_LocalPosition.z
      value: 0
      objectReference: {fileID: 0}
    - target: {fileID: 3213067384939415341, guid: eb0ab12fd54510d40a399ea3409fec6a,
        type: 3}
      propertyPath: m_LocalRotation.x
      value: 0
      objectReference: {fileID: 0}
    - target: {fileID: 3213067384939415341, guid: eb0ab12fd54510d40a399ea3409fec6a,
        type: 3}
      propertyPath: m_LocalRotation.y
      value: 0
      objectReference: {fileID: 0}
    - target: {fileID: 3213067384939415341, guid: eb0ab12fd54510d40a399ea3409fec6a,
        type: 3}
      propertyPath: m_LocalRotation.z
      value: 0
      objectReference: {fileID: 0}
    - target: {fileID: 3213067384939415341, guid: eb0ab12fd54510d40a399ea3409fec6a,
        type: 3}
      propertyPath: m_LocalRotation.w
      value: 1
      objectReference: {fileID: 0}
    - target: {fileID: 3213067384939415341, guid: eb0ab12fd54510d40a399ea3409fec6a,
        type: 3}
      propertyPath: m_RootOrder
      value: 6
      objectReference: {fileID: 0}
    - target: {fileID: 3213067384939415341, guid: eb0ab12fd54510d40a399ea3409fec6a,
        type: 3}
      propertyPath: m_LocalEulerAnglesHint.x
      value: 0
      objectReference: {fileID: 0}
    - target: {fileID: 3213067384939415341, guid: eb0ab12fd54510d40a399ea3409fec6a,
        type: 3}
      propertyPath: m_LocalEulerAnglesHint.y
      value: 0
      objectReference: {fileID: 0}
    - target: {fileID: 3213067384939415341, guid: eb0ab12fd54510d40a399ea3409fec6a,
        type: 3}
      propertyPath: m_LocalEulerAnglesHint.z
      value: 0
      objectReference: {fileID: 0}
    m_RemovedComponents: []
  m_SourcePrefab: {fileID: 100100000, guid: eb0ab12fd54510d40a399ea3409fec6a, type: 3}
--- !u!114 &2080792030219757647 stripped
MonoBehaviour:
  m_CorrespondingSourceObject: {fileID: 7360346279686395925, guid: eb0ab12fd54510d40a399ea3409fec6a,
    type: 3}
  m_PrefabInstance: {fileID: 8846554706318012506}
  m_PrefabAsset: {fileID: 0}
  m_GameObject: {fileID: 0}
  m_Enabled: 1
  m_EditorHideFlags: 0
  m_Script: {fileID: 11500000, guid: 6a5fcf0f908a2b0479d45362284782b1, type: 3}
  m_Name: 
  m_EditorClassIdentifier: 
--- !u!4 &6220136707393599351 stripped
Transform:
  m_CorrespondingSourceObject: {fileID: 3213067384939415341, guid: eb0ab12fd54510d40a399ea3409fec6a,
    type: 3}
  m_PrefabInstance: {fileID: 8846554706318012506}
  m_PrefabAsset: {fileID: 0}
