%YAML 1.1
%TAG !u! tag:unity3d.com,2011:
--- !u!1 &6785155689215246790
GameObject:
  m_ObjectHideFlags: 0
  m_CorrespondingSourceObject: {fileID: 0}
  m_PrefabInstance: {fileID: 0}
  m_PrefabAsset: {fileID: 0}
  serializedVersion: 6
  m_Component:
  - component: {fileID: 6785155689215246727}
  - component: {fileID: 6785155689215246525}
  m_Layer: 0
  m_Name: Chunk115
  m_TagString: Untagged
  m_Icon: {fileID: 3306451490063965843, guid: 0000000000000000d000000000000000, type: 0}
  m_NavMeshLayer: 0
  m_StaticEditorFlags: 4294967295
  m_IsActive: 1
--- !u!4 &6785155689215246727
Transform:
  m_ObjectHideFlags: 0
  m_CorrespondingSourceObject: {fileID: 0}
  m_PrefabInstance: {fileID: 0}
  m_PrefabAsset: {fileID: 0}
  m_GameObject: {fileID: 6785155689215246790}
  m_LocalRotation: {x: 0, y: 0, z: 0, w: 1}
  m_LocalPosition: {x: -15.06, y: 56.91, z: 0}
  m_LocalScale: {x: 1, y: 1, z: 1}
  m_Children:
  - {fileID: 1502827572858731265}
  - {fileID: 6785155689215246420}
  - {fileID: 6785155689215246433}
  - {fileID: 181309420291365476}
  - {fileID: 5506733156571105847}
  - {fileID: 118982745631692839}
  - {fileID: 2181074778837699526}
  - {fileID: 4283021078147030880}
  - {fileID: 4587063901938449160}
  - {fileID: 7049516592465676683}
  - {fileID: 3365046818578380823}
  - {fileID: 7376640157628230118}
  - {fileID: 4383447465347860338}
  - {fileID: 310389220590207918}
  - {fileID: 2338758002501670152}
  - {fileID: 6266289480666327500}
  - {fileID: 505577750038932672}
  - {fileID: 5002402756997933162}
  - {fileID: 2787213822626299109}
  - {fileID: 3632438839805211377}
  m_Father: {fileID: 0}
  m_RootOrder: 0
  m_LocalEulerAnglesHint: {x: 0, y: 0, z: 0}
--- !u!114 &6785155689215246525
MonoBehaviour:
  m_ObjectHideFlags: 0
  m_CorrespondingSourceObject: {fileID: 0}
  m_PrefabInstance: {fileID: 0}
  m_PrefabAsset: {fileID: 0}
  m_GameObject: {fileID: 6785155689215246790}
  m_Enabled: 1
  m_EditorHideFlags: 0
  m_Script: {fileID: 11500000, guid: d128b2c464601b04e828cb97cf100cc3, type: 3}
  m_Name: 
  m_EditorClassIdentifier: 
  serializationData:
    SerializedFormat: 2
    SerializedBytes: 
    ReferencedUnityObjects: []
    SerializedBytesString: 
    Prefab: {fileID: 0}
    PrefabModificationsReferencedUnityObjects: []
    PrefabModifications: []
    SerializationNodes: []
  CanBeSymetric: 0
  Size: {x: 5, y: 10, z: 0}
  SubObjects:
  - {fileID: 7651071552895116816}
  - {fileID: 8967000320922535797}
  - {fileID: 3647585965440603942}
  - {fileID: 9174881995204314422}
  - {fileID: 6967551626012759767}
  - {fileID: 5009502825310716529}
  - {fileID: 4710073538471405081}
  - {fileID: 2243326156602561690}
  - {fileID: 1777263371537560823}
  - {fileID: 4764859548553288291}
  - {fileID: 8843862298505453247}
  - {fileID: 6810002005763164185}
  - {fileID: 2883246765633631453}
  - {fileID: 8786840587550175697}
  - {fileID: 5175170119111167680}
  MinSpawnableLevel: 2
--- !u!1 &6785155689215246792
GameObject:
  m_ObjectHideFlags: 0
  m_CorrespondingSourceObject: {fileID: 0}
  m_PrefabInstance: {fileID: 0}
  m_PrefabAsset: {fileID: 0}
  serializedVersion: 6
  m_Component:
  - component: {fileID: 6785155689215246433}
  - component: {fileID: 6785155689215246566}
  - component: {fileID: 6785155689215246366}
  m_Layer: 0
  m_Name: WallR
  m_TagString: Untagged
  m_Icon: {fileID: 0}
  m_NavMeshLayer: 0
  m_StaticEditorFlags: 4294967295
  m_IsActive: 1
--- !u!4 &6785155689215246433
Transform:
  m_ObjectHideFlags: 0
  m_CorrespondingSourceObject: {fileID: 0}
  m_PrefabInstance: {fileID: 0}
  m_PrefabAsset: {fileID: 0}
  m_GameObject: {fileID: 6785155689215246792}
  m_LocalRotation: {x: 0, y: 0, z: 0, w: 1}
  m_LocalPosition: {x: 3, y: 5, z: 0}
  m_LocalScale: {x: 0.19999999, y: 0.19999999, z: 1}
  m_Children: []
  m_Father: {fileID: 6785155689215246727}
  m_RootOrder: 2
  m_LocalEulerAnglesHint: {x: 0, y: 0, z: 0}
--- !u!212 &6785155689215246566
SpriteRenderer:
  m_ObjectHideFlags: 0
  m_CorrespondingSourceObject: {fileID: 0}
  m_PrefabInstance: {fileID: 0}
  m_PrefabAsset: {fileID: 0}
  m_GameObject: {fileID: 6785155689215246792}
  m_Enabled: 1
  m_CastShadows: 0
  m_ReceiveShadows: 0
  m_DynamicOccludee: 1
  m_MotionVectors: 1
  m_LightProbeUsage: 1
  m_ReflectionProbeUsage: 1
  m_RenderingLayerMask: 1
  m_RendererPriority: 0
  m_Materials:
  - {fileID: 10754, guid: 0000000000000000f000000000000000, type: 0}
  m_StaticBatchInfo:
    firstSubMesh: 0
    subMeshCount: 0
  m_StaticBatchRoot: {fileID: 0}
  m_ProbeAnchor: {fileID: 0}
  m_LightProbeVolumeOverride: {fileID: 0}
  m_ScaleInLightmap: 1
  m_PreserveUVs: 0
  m_IgnoreNormalsForChartDetection: 0
  m_ImportantGI: 0
  m_StitchLightmapSeams: 1
  m_SelectedEditorRenderState: 0
  m_MinimumChartSize: 4
  m_AutoUVMaxDistance: 0.5
  m_AutoUVMaxAngle: 89
  m_LightmapParameters: {fileID: 0}
  m_SortingLayerID: 0
  m_SortingLayer: 0
  m_SortingOrder: 0
  m_Sprite: {fileID: 21300000, guid: 1b65e849fb771214fa2540d446627260, type: 3}
  m_Color: {r: 1, g: 1, b: 1, a: 1}
  m_FlipX: 1
  m_FlipY: 0
  m_DrawMode: 2
  m_Size: {x: 5, y: 50}
  m_AdaptiveModeThreshold: 0.5
  m_SpriteTileMode: 1
  m_WasSpriteAssigned: 1
  m_MaskInteraction: 0
  m_SpriteSortPoint: 0
--- !u!61 &6785155689215246366
BoxCollider2D:
  m_ObjectHideFlags: 0
  m_CorrespondingSourceObject: {fileID: 0}
  m_PrefabInstance: {fileID: 0}
  m_PrefabAsset: {fileID: 0}
  m_GameObject: {fileID: 6785155689215246792}
  m_Enabled: 1
  m_Density: 1
  m_Material: {fileID: 6200000, guid: 4c213b7a65cbf734cb6d0cd55b61ca49, type: 2}
  m_IsTrigger: 0
  m_UsedByEffector: 0
  m_UsedByComposite: 0
  m_Offset: {x: 0, y: 0}
  m_SpriteTilingProperty:
    border: {x: 0, y: 0, z: 0, w: 0}
    pivot: {x: 0.5, y: 0.5}
    oldSize: {x: 5.12, y: 5.12}
    newSize: {x: 5, y: 50}
    adaptiveTilingThreshold: 0.5
    drawMode: 2
    adaptiveTiling: 1
  m_AutoTiling: 0
  serializedVersion: 2
  m_Size: {x: 4.5, y: 50}
  m_EdgeRadius: 0
--- !u!1 &6785155689215246799
GameObject:
  m_ObjectHideFlags: 0
  m_CorrespondingSourceObject: {fileID: 0}
  m_PrefabInstance: {fileID: 0}
  m_PrefabAsset: {fileID: 0}
  serializedVersion: 6
  m_Component:
  - component: {fileID: 6785155689215246420}
  - component: {fileID: 6785155689215246571}
  - component: {fileID: 6785155689215246383}
  m_Layer: 0
  m_Name: WallL
  m_TagString: Untagged
  m_Icon: {fileID: 0}
  m_NavMeshLayer: 0
  m_StaticEditorFlags: 4294967295
  m_IsActive: 1
--- !u!4 &6785155689215246420
Transform:
  m_ObjectHideFlags: 0
  m_CorrespondingSourceObject: {fileID: 0}
  m_PrefabInstance: {fileID: 0}
  m_PrefabAsset: {fileID: 0}
  m_GameObject: {fileID: 6785155689215246799}
  m_LocalRotation: {x: 0, y: 0, z: 0, w: 1}
  m_LocalPosition: {x: -3, y: 5, z: 0}
  m_LocalScale: {x: 0.19999999, y: 0.19999999, z: 1}
  m_Children: []
  m_Father: {fileID: 6785155689215246727}
  m_RootOrder: 1
  m_LocalEulerAnglesHint: {x: 0, y: 0, z: 0}
--- !u!212 &6785155689215246571
SpriteRenderer:
  m_ObjectHideFlags: 0
  m_CorrespondingSourceObject: {fileID: 0}
  m_PrefabInstance: {fileID: 0}
  m_PrefabAsset: {fileID: 0}
  m_GameObject: {fileID: 6785155689215246799}
  m_Enabled: 1
  m_CastShadows: 0
  m_ReceiveShadows: 0
  m_DynamicOccludee: 1
  m_MotionVectors: 1
  m_LightProbeUsage: 1
  m_ReflectionProbeUsage: 1
  m_RenderingLayerMask: 1
  m_RendererPriority: 0
  m_Materials:
  - {fileID: 10754, guid: 0000000000000000f000000000000000, type: 0}
  m_StaticBatchInfo:
    firstSubMesh: 0
    subMeshCount: 0
  m_StaticBatchRoot: {fileID: 0}
  m_ProbeAnchor: {fileID: 0}
  m_LightProbeVolumeOverride: {fileID: 0}
  m_ScaleInLightmap: 1
  m_PreserveUVs: 0
  m_IgnoreNormalsForChartDetection: 0
  m_ImportantGI: 0
  m_StitchLightmapSeams: 1
  m_SelectedEditorRenderState: 0
  m_MinimumChartSize: 4
  m_AutoUVMaxDistance: 0.5
  m_AutoUVMaxAngle: 89
  m_LightmapParameters: {fileID: 0}
  m_SortingLayerID: 0
  m_SortingLayer: 0
  m_SortingOrder: 0
  m_Sprite: {fileID: 21300000, guid: 1b65e849fb771214fa2540d446627260, type: 3}
  m_Color: {r: 1, g: 1, b: 1, a: 1}
  m_FlipX: 0
  m_FlipY: 0
  m_DrawMode: 2
  m_Size: {x: 5, y: 50}
  m_AdaptiveModeThreshold: 0.5
  m_SpriteTileMode: 1
  m_WasSpriteAssigned: 1
  m_MaskInteraction: 0
  m_SpriteSortPoint: 0
--- !u!61 &6785155689215246383
BoxCollider2D:
  m_ObjectHideFlags: 0
  m_CorrespondingSourceObject: {fileID: 0}
  m_PrefabInstance: {fileID: 0}
  m_PrefabAsset: {fileID: 0}
  m_GameObject: {fileID: 6785155689215246799}
  m_Enabled: 1
  m_Density: 1
  m_Material: {fileID: 6200000, guid: 4c213b7a65cbf734cb6d0cd55b61ca49, type: 2}
  m_IsTrigger: 0
  m_UsedByEffector: 0
  m_UsedByComposite: 0
  m_Offset: {x: 0, y: 0}
  m_SpriteTilingProperty:
    border: {x: 0, y: 0, z: 0, w: 0}
    pivot: {x: 0.5, y: 0.5}
    oldSize: {x: 5.12, y: 5.12}
    newSize: {x: 5, y: 50}
    adaptiveTilingThreshold: 0.5
    drawMode: 2
    adaptiveTiling: 1
  m_AutoTiling: 0
  serializedVersion: 2
  m_Size: {x: 4.5, y: 50}
  m_EdgeRadius: 0
--- !u!1001 &709111662700247344
PrefabInstance:
  m_ObjectHideFlags: 0
  serializedVersion: 2
  m_Modification:
    m_TransformParent: {fileID: 6785155689215246727}
    m_Modifications:
    - target: {fileID: 1469825720698012463, guid: 0bac09782e9bffa438a1137a736ebe17,
        type: 3}
      propertyPath: m_Name
      value: E1 (16)
      objectReference: {fileID: 0}
    - target: {fileID: 2437605066446163437, guid: 0bac09782e9bffa438a1137a736ebe17,
        type: 3}
      propertyPath: serializationData.Prefab
      value: 
      objectReference: {fileID: 2437605066446163437, guid: 0bac09782e9bffa438a1137a736ebe17,
        type: 3}
    - target: {fileID: 6854778085556326652, guid: 0bac09782e9bffa438a1137a736ebe17,
        type: 3}
      propertyPath: m_LocalPosition.x
      value: 1.71
      objectReference: {fileID: 0}
    - target: {fileID: 6854778085556326652, guid: 0bac09782e9bffa438a1137a736ebe17,
        type: 3}
      propertyPath: m_LocalPosition.y
      value: 7.73
      objectReference: {fileID: 0}
    - target: {fileID: 6854778085556326652, guid: 0bac09782e9bffa438a1137a736ebe17,
        type: 3}
      propertyPath: m_LocalPosition.z
      value: 0
      objectReference: {fileID: 0}
    - target: {fileID: 6854778085556326652, guid: 0bac09782e9bffa438a1137a736ebe17,
        type: 3}
      propertyPath: m_LocalRotation.x
      value: -0
      objectReference: {fileID: 0}
    - target: {fileID: 6854778085556326652, guid: 0bac09782e9bffa438a1137a736ebe17,
        type: 3}
      propertyPath: m_LocalRotation.y
      value: -0
      objectReference: {fileID: 0}
    - target: {fileID: 6854778085556326652, guid: 0bac09782e9bffa438a1137a736ebe17,
        type: 3}
      propertyPath: m_LocalRotation.z
      value: -0
      objectReference: {fileID: 0}
    - target: {fileID: 6854778085556326652, guid: 0bac09782e9bffa438a1137a736ebe17,
        type: 3}
      propertyPath: m_LocalRotation.w
      value: 1
      objectReference: {fileID: 0}
    - target: {fileID: 6854778085556326652, guid: 0bac09782e9bffa438a1137a736ebe17,
        type: 3}
      propertyPath: m_RootOrder
      value: 15
      objectReference: {fileID: 0}
    - target: {fileID: 6854778085556326652, guid: 0bac09782e9bffa438a1137a736ebe17,
        type: 3}
      propertyPath: m_LocalEulerAnglesHint.x
      value: 0
      objectReference: {fileID: 0}
    - target: {fileID: 6854778085556326652, guid: 0bac09782e9bffa438a1137a736ebe17,
        type: 3}
      propertyPath: m_LocalEulerAnglesHint.y
      value: 0
      objectReference: {fileID: 0}
    - target: {fileID: 6854778085556326652, guid: 0bac09782e9bffa438a1137a736ebe17,
        type: 3}
      propertyPath: m_LocalEulerAnglesHint.z
      value: 0
      objectReference: {fileID: 0}
    m_RemovedComponents: []
  m_SourcePrefab: {fileID: 100100000, guid: 0bac09782e9bffa438a1137a736ebe17, type: 3}
--- !u!114 &2883246765633631453 stripped
MonoBehaviour:
  m_CorrespondingSourceObject: {fileID: 2437605066446163437, guid: 0bac09782e9bffa438a1137a736ebe17,
    type: 3}
  m_PrefabInstance: {fileID: 709111662700247344}
  m_PrefabAsset: {fileID: 0}
  m_GameObject: {fileID: 0}
  m_Enabled: 1
  m_EditorHideFlags: 0
  m_Script: {fileID: 11500000, guid: 6a5fcf0f908a2b0479d45362284782b1, type: 3}
  m_Name: 
  m_EditorClassIdentifier: 
--- !u!4 &6266289480666327500 stripped
Transform:
  m_CorrespondingSourceObject: {fileID: 6854778085556326652, guid: 0bac09782e9bffa438a1137a736ebe17,
    type: 3}
  m_PrefabInstance: {fileID: 709111662700247344}
  m_PrefabAsset: {fileID: 0}
--- !u!1001 &1390144404722735819
PrefabInstance:
  m_ObjectHideFlags: 0
  serializedVersion: 2
  m_Modification:
    m_TransformParent: {fileID: 6785155689215246727}
    m_Modifications:
    - target: {fileID: 1469825720698012463, guid: 0bac09782e9bffa438a1137a736ebe17,
        type: 3}
      propertyPath: m_Name
      value: E1 (4)
      objectReference: {fileID: 0}
    - target: {fileID: 2437605066446163437, guid: 0bac09782e9bffa438a1137a736ebe17,
        type: 3}
      propertyPath: serializationData.Prefab
      value: 
      objectReference: {fileID: 2437605066446163437, guid: 0bac09782e9bffa438a1137a736ebe17,
        type: 3}
    - target: {fileID: 6854778085556326652, guid: 0bac09782e9bffa438a1137a736ebe17,
        type: 3}
      propertyPath: m_LocalPosition.x
      value: -0.64
      objectReference: {fileID: 0}
    - target: {fileID: 6854778085556326652, guid: 0bac09782e9bffa438a1137a736ebe17,
        type: 3}
      propertyPath: m_LocalPosition.y
      value: 2.47
      objectReference: {fileID: 0}
    - target: {fileID: 6854778085556326652, guid: 0bac09782e9bffa438a1137a736ebe17,
        type: 3}
      propertyPath: m_LocalPosition.z
      value: 0
      objectReference: {fileID: 0}
    - target: {fileID: 6854778085556326652, guid: 0bac09782e9bffa438a1137a736ebe17,
        type: 3}
      propertyPath: m_LocalRotation.x
      value: -0
      objectReference: {fileID: 0}
    - target: {fileID: 6854778085556326652, guid: 0bac09782e9bffa438a1137a736ebe17,
        type: 3}
      propertyPath: m_LocalRotation.y
      value: -0
      objectReference: {fileID: 0}
    - target: {fileID: 6854778085556326652, guid: 0bac09782e9bffa438a1137a736ebe17,
        type: 3}
      propertyPath: m_LocalRotation.z
      value: -0
      objectReference: {fileID: 0}
    - target: {fileID: 6854778085556326652, guid: 0bac09782e9bffa438a1137a736ebe17,
        type: 3}
      propertyPath: m_LocalRotation.w
      value: 1
      objectReference: {fileID: 0}
    - target: {fileID: 6854778085556326652, guid: 0bac09782e9bffa438a1137a736ebe17,
        type: 3}
      propertyPath: m_RootOrder
      value: 4
      objectReference: {fileID: 0}
    - target: {fileID: 6854778085556326652, guid: 0bac09782e9bffa438a1137a736ebe17,
        type: 3}
      propertyPath: m_LocalEulerAnglesHint.x
      value: 0
      objectReference: {fileID: 0}
    - target: {fileID: 6854778085556326652, guid: 0bac09782e9bffa438a1137a736ebe17,
        type: 3}
      propertyPath: m_LocalEulerAnglesHint.y
      value: 0
      objectReference: {fileID: 0}
    - target: {fileID: 6854778085556326652, guid: 0bac09782e9bffa438a1137a736ebe17,
        type: 3}
      propertyPath: m_LocalEulerAnglesHint.z
      value: 0
      objectReference: {fileID: 0}
    m_RemovedComponents: []
  m_SourcePrefab: {fileID: 100100000, guid: 0bac09782e9bffa438a1137a736ebe17, type: 3}
--- !u!4 &5506733156571105847 stripped
Transform:
  m_CorrespondingSourceObject: {fileID: 6854778085556326652, guid: 0bac09782e9bffa438a1137a736ebe17,
    type: 3}
  m_PrefabInstance: {fileID: 1390144404722735819}
  m_PrefabAsset: {fileID: 0}
--- !u!114 &3647585965440603942 stripped
MonoBehaviour:
  m_CorrespondingSourceObject: {fileID: 2437605066446163437, guid: 0bac09782e9bffa438a1137a736ebe17,
    type: 3}
  m_PrefabInstance: {fileID: 1390144404722735819}
  m_PrefabAsset: {fileID: 0}
  m_GameObject: {fileID: 0}
  m_Enabled: 1
  m_EditorHideFlags: 0
  m_Script: {fileID: 11500000, guid: 6a5fcf0f908a2b0479d45362284782b1, type: 3}
  m_Name: 
  m_EditorClassIdentifier: 
--- !u!1001 &3610313138734190491
PrefabInstance:
  m_ObjectHideFlags: 0
  serializedVersion: 2
  m_Modification:
    m_TransformParent: {fileID: 6785155689215246727}
    m_Modifications:
    - target: {fileID: 5630953310540629630, guid: a7122e13dde9be6409788db4eab83f8b,
        type: 3}
      propertyPath: m_Name
      value: Obstacle (1)
      objectReference: {fileID: 0}
    - target: {fileID: 1491892829220221822, guid: a7122e13dde9be6409788db4eab83f8b,
        type: 3}
      propertyPath: m_LocalPosition.x
      value: 2.71
      objectReference: {fileID: 0}
    - target: {fileID: 1491892829220221822, guid: a7122e13dde9be6409788db4eab83f8b,
        type: 3}
      propertyPath: m_LocalPosition.y
      value: 3.99
      objectReference: {fileID: 0}
    - target: {fileID: 1491892829220221822, guid: a7122e13dde9be6409788db4eab83f8b,
        type: 3}
      propertyPath: m_LocalPosition.z
      value: 0
      objectReference: {fileID: 0}
    - target: {fileID: 1491892829220221822, guid: a7122e13dde9be6409788db4eab83f8b,
        type: 3}
      propertyPath: m_LocalRotation.x
      value: 0
      objectReference: {fileID: 0}
    - target: {fileID: 1491892829220221822, guid: a7122e13dde9be6409788db4eab83f8b,
        type: 3}
      propertyPath: m_LocalRotation.y
      value: 0
      objectReference: {fileID: 0}
    - target: {fileID: 1491892829220221822, guid: a7122e13dde9be6409788db4eab83f8b,
        type: 3}
      propertyPath: m_LocalRotation.z
      value: 0.38268343
      objectReference: {fileID: 0}
    - target: {fileID: 1491892829220221822, guid: a7122e13dde9be6409788db4eab83f8b,
        type: 3}
      propertyPath: m_LocalRotation.w
      value: 0.92387956
      objectReference: {fileID: 0}
    - target: {fileID: 1491892829220221822, guid: a7122e13dde9be6409788db4eab83f8b,
        type: 3}
      propertyPath: m_RootOrder
      value: 18
      objectReference: {fileID: 0}
    - target: {fileID: 1491892829220221822, guid: a7122e13dde9be6409788db4eab83f8b,
        type: 3}
      propertyPath: m_LocalEulerAnglesHint.x
      value: 0
      objectReference: {fileID: 0}
    - target: {fileID: 1491892829220221822, guid: a7122e13dde9be6409788db4eab83f8b,
        type: 3}
      propertyPath: m_LocalEulerAnglesHint.y
      value: 0
      objectReference: {fileID: 0}
    - target: {fileID: 1491892829220221822, guid: a7122e13dde9be6409788db4eab83f8b,
        type: 3}
      propertyPath: m_LocalEulerAnglesHint.z
      value: 45
      objectReference: {fileID: 0}
    m_RemovedComponents: []
  m_SourcePrefab: {fileID: 100100000, guid: a7122e13dde9be6409788db4eab83f8b, type: 3}
--- !u!4 &2787213822626299109 stripped
Transform:
  m_CorrespondingSourceObject: {fileID: 1491892829220221822, guid: a7122e13dde9be6409788db4eab83f8b,
    type: 3}
  m_PrefabInstance: {fileID: 3610313138734190491}
  m_PrefabAsset: {fileID: 0}
--- !u!1001 &4142756928415103258
PrefabInstance:
  m_ObjectHideFlags: 0
  serializedVersion: 2
  m_Modification:
    m_TransformParent: {fileID: 6785155689215246727}
    m_Modifications:
    - target: {fileID: 1469825720698012463, guid: 0bac09782e9bffa438a1137a736ebe17,
        type: 3}
      propertyPath: m_Name
      value: E1 (10)
      objectReference: {fileID: 0}
    - target: {fileID: 2437605066446163437, guid: 0bac09782e9bffa438a1137a736ebe17,
        type: 3}
      propertyPath: serializationData.Prefab
      value: 
      objectReference: {fileID: 2437605066446163437, guid: 0bac09782e9bffa438a1137a736ebe17,
        type: 3}
    - target: {fileID: 6854778085556326652, guid: 0bac09782e9bffa438a1137a736ebe17,
        type: 3}
      propertyPath: m_LocalPosition.x
      value: 0.43
      objectReference: {fileID: 0}
    - target: {fileID: 6854778085556326652, guid: 0bac09782e9bffa438a1137a736ebe17,
        type: 3}
      propertyPath: m_LocalPosition.y
      value: 4.75
      objectReference: {fileID: 0}
    - target: {fileID: 6854778085556326652, guid: 0bac09782e9bffa438a1137a736ebe17,
        type: 3}
      propertyPath: m_LocalPosition.z
      value: 0
      objectReference: {fileID: 0}
    - target: {fileID: 6854778085556326652, guid: 0bac09782e9bffa438a1137a736ebe17,
        type: 3}
      propertyPath: m_LocalRotation.x
      value: -0
      objectReference: {fileID: 0}
    - target: {fileID: 6854778085556326652, guid: 0bac09782e9bffa438a1137a736ebe17,
        type: 3}
      propertyPath: m_LocalRotation.y
      value: -0
      objectReference: {fileID: 0}
    - target: {fileID: 6854778085556326652, guid: 0bac09782e9bffa438a1137a736ebe17,
        type: 3}
      propertyPath: m_LocalRotation.z
      value: -0
      objectReference: {fileID: 0}
    - target: {fileID: 6854778085556326652, guid: 0bac09782e9bffa438a1137a736ebe17,
        type: 3}
      propertyPath: m_LocalRotation.w
      value: 1
      objectReference: {fileID: 0}
    - target: {fileID: 6854778085556326652, guid: 0bac09782e9bffa438a1137a736ebe17,
        type: 3}
      propertyPath: m_RootOrder
      value: 11
      objectReference: {fileID: 0}
    - target: {fileID: 6854778085556326652, guid: 0bac09782e9bffa438a1137a736ebe17,
        type: 3}
      propertyPath: m_LocalEulerAnglesHint.x
      value: 0
      objectReference: {fileID: 0}
    - target: {fileID: 6854778085556326652, guid: 0bac09782e9bffa438a1137a736ebe17,
        type: 3}
      propertyPath: m_LocalEulerAnglesHint.y
      value: 0
      objectReference: {fileID: 0}
    - target: {fileID: 6854778085556326652, guid: 0bac09782e9bffa438a1137a736ebe17,
        type: 3}
      propertyPath: m_LocalEulerAnglesHint.z
      value: 0
      objectReference: {fileID: 0}
    m_RemovedComponents: []
  m_SourcePrefab: {fileID: 100100000, guid: 0bac09782e9bffa438a1137a736ebe17, type: 3}
--- !u!4 &7376640157628230118 stripped
Transform:
  m_CorrespondingSourceObject: {fileID: 6854778085556326652, guid: 0bac09782e9bffa438a1137a736ebe17,
    type: 3}
  m_PrefabInstance: {fileID: 4142756928415103258}
  m_PrefabAsset: {fileID: 0}
--- !u!114 &1777263371537560823 stripped
MonoBehaviour:
  m_CorrespondingSourceObject: {fileID: 2437605066446163437, guid: 0bac09782e9bffa438a1137a736ebe17,
    type: 3}
  m_PrefabInstance: {fileID: 4142756928415103258}
  m_PrefabAsset: {fileID: 0}
  m_GameObject: {fileID: 0}
  m_Enabled: 1
  m_EditorHideFlags: 0
  m_Script: {fileID: 11500000, guid: 6a5fcf0f908a2b0479d45362284782b1, type: 3}
  m_Name: 
  m_EditorClassIdentifier: 
--- !u!1001 &4536806684287572343
PrefabInstance:
  m_ObjectHideFlags: 0
  serializedVersion: 2
  m_Modification:
    m_TransformParent: {fileID: 6785155689215246727}
    m_Modifications:
    - target: {fileID: 1469825720698012463, guid: 0bac09782e9bffa438a1137a736ebe17,
        type: 3}
      propertyPath: m_Name
      value: E1 (9)
      objectReference: {fileID: 0}
    - target: {fileID: 2437605066446163437, guid: 0bac09782e9bffa438a1137a736ebe17,
        type: 3}
      propertyPath: serializationData.Prefab
      value: 
      objectReference: {fileID: 2437605066446163437, guid: 0bac09782e9bffa438a1137a736ebe17,
        type: 3}
    - target: {fileID: 6854778085556326652, guid: 0bac09782e9bffa438a1137a736ebe17,
        type: 3}
      propertyPath: m_LocalPosition.x
      value: 0.43
      objectReference: {fileID: 0}
    - target: {fileID: 6854778085556326652, guid: 0bac09782e9bffa438a1137a736ebe17,
        type: 3}
      propertyPath: m_LocalPosition.y
      value: 8.21
      objectReference: {fileID: 0}
    - target: {fileID: 6854778085556326652, guid: 0bac09782e9bffa438a1137a736ebe17,
        type: 3}
      propertyPath: m_LocalPosition.z
      value: 0
      objectReference: {fileID: 0}
    - target: {fileID: 6854778085556326652, guid: 0bac09782e9bffa438a1137a736ebe17,
        type: 3}
      propertyPath: m_LocalRotation.x
      value: -0
      objectReference: {fileID: 0}
    - target: {fileID: 6854778085556326652, guid: 0bac09782e9bffa438a1137a736ebe17,
        type: 3}
      propertyPath: m_LocalRotation.y
      value: -0
      objectReference: {fileID: 0}
    - target: {fileID: 6854778085556326652, guid: 0bac09782e9bffa438a1137a736ebe17,
        type: 3}
      propertyPath: m_LocalRotation.z
      value: -0
      objectReference: {fileID: 0}
    - target: {fileID: 6854778085556326652, guid: 0bac09782e9bffa438a1137a736ebe17,
        type: 3}
      propertyPath: m_LocalRotation.w
      value: 1
      objectReference: {fileID: 0}
    - target: {fileID: 6854778085556326652, guid: 0bac09782e9bffa438a1137a736ebe17,
        type: 3}
      propertyPath: m_RootOrder
      value: 9
      objectReference: {fileID: 0}
    - target: {fileID: 6854778085556326652, guid: 0bac09782e9bffa438a1137a736ebe17,
        type: 3}
      propertyPath: m_LocalEulerAnglesHint.x
      value: 0
      objectReference: {fileID: 0}
    - target: {fileID: 6854778085556326652, guid: 0bac09782e9bffa438a1137a736ebe17,
        type: 3}
      propertyPath: m_LocalEulerAnglesHint.y
      value: 0
      objectReference: {fileID: 0}
    - target: {fileID: 6854778085556326652, guid: 0bac09782e9bffa438a1137a736ebe17,
        type: 3}
      propertyPath: m_LocalEulerAnglesHint.z
      value: 0
      objectReference: {fileID: 0}
    m_RemovedComponents: []
  m_SourcePrefab: {fileID: 100100000, guid: 0bac09782e9bffa438a1137a736ebe17, type: 3}
--- !u!4 &7049516592465676683 stripped
Transform:
  m_CorrespondingSourceObject: {fileID: 6854778085556326652, guid: 0bac09782e9bffa438a1137a736ebe17,
    type: 3}
  m_PrefabInstance: {fileID: 4536806684287572343}
  m_PrefabAsset: {fileID: 0}
--- !u!114 &2243326156602561690 stripped
MonoBehaviour:
  m_CorrespondingSourceObject: {fileID: 2437605066446163437, guid: 0bac09782e9bffa438a1137a736ebe17,
    type: 3}
  m_PrefabInstance: {fileID: 4536806684287572343}
  m_PrefabAsset: {fileID: 0}
  m_GameObject: {fileID: 0}
  m_Enabled: 1
  m_EditorHideFlags: 0
  m_Script: {fileID: 11500000, guid: 6a5fcf0f908a2b0479d45362284782b1, type: 3}
  m_Name: 
  m_EditorClassIdentifier: 
--- !u!1001 &4712361346217859898
PrefabInstance:
  m_ObjectHideFlags: 0
  serializedVersion: 2
  m_Modification:
    m_TransformParent: {fileID: 6785155689215246727}
    m_Modifications:
    - target: {fileID: 1469825720698012463, guid: 0bac09782e9bffa438a1137a736ebe17,
        type: 3}
      propertyPath: m_Name
      value: E1 (6)
      objectReference: {fileID: 0}
    - target: {fileID: 2437605066446163437, guid: 0bac09782e9bffa438a1137a736ebe17,
        type: 3}
      propertyPath: serializationData.Prefab
      value: 
      objectReference: {fileID: 2437605066446163437, guid: 0bac09782e9bffa438a1137a736ebe17,
        type: 3}
    - target: {fileID: 6854778085556326652, guid: 0bac09782e9bffa438a1137a736ebe17,
        type: 3}
      propertyPath: m_LocalPosition.x
      value: 1.83
      objectReference: {fileID: 0}
    - target: {fileID: 6854778085556326652, guid: 0bac09782e9bffa438a1137a736ebe17,
        type: 3}
      propertyPath: m_LocalPosition.y
      value: 9.27
      objectReference: {fileID: 0}
    - target: {fileID: 6854778085556326652, guid: 0bac09782e9bffa438a1137a736ebe17,
        type: 3}
      propertyPath: m_LocalPosition.z
      value: 0
      objectReference: {fileID: 0}
    - target: {fileID: 6854778085556326652, guid: 0bac09782e9bffa438a1137a736ebe17,
        type: 3}
      propertyPath: m_LocalRotation.x
      value: -0
      objectReference: {fileID: 0}
    - target: {fileID: 6854778085556326652, guid: 0bac09782e9bffa438a1137a736ebe17,
        type: 3}
      propertyPath: m_LocalRotation.y
      value: -0
      objectReference: {fileID: 0}
    - target: {fileID: 6854778085556326652, guid: 0bac09782e9bffa438a1137a736ebe17,
        type: 3}
      propertyPath: m_LocalRotation.z
      value: -0
      objectReference: {fileID: 0}
    - target: {fileID: 6854778085556326652, guid: 0bac09782e9bffa438a1137a736ebe17,
        type: 3}
      propertyPath: m_LocalRotation.w
      value: 1
      objectReference: {fileID: 0}
    - target: {fileID: 6854778085556326652, guid: 0bac09782e9bffa438a1137a736ebe17,
        type: 3}
      propertyPath: m_RootOrder
      value: 6
      objectReference: {fileID: 0}
    - target: {fileID: 6854778085556326652, guid: 0bac09782e9bffa438a1137a736ebe17,
        type: 3}
      propertyPath: m_LocalEulerAnglesHint.x
      value: 0
      objectReference: {fileID: 0}
    - target: {fileID: 6854778085556326652, guid: 0bac09782e9bffa438a1137a736ebe17,
        type: 3}
      propertyPath: m_LocalEulerAnglesHint.y
      value: 0
      objectReference: {fileID: 0}
    - target: {fileID: 6854778085556326652, guid: 0bac09782e9bffa438a1137a736ebe17,
        type: 3}
      propertyPath: m_LocalEulerAnglesHint.z
      value: 0
      objectReference: {fileID: 0}
    m_RemovedComponents: []
  m_SourcePrefab: {fileID: 100100000, guid: 0bac09782e9bffa438a1137a736ebe17, type: 3}
--- !u!114 &6967551626012759767 stripped
MonoBehaviour:
  m_CorrespondingSourceObject: {fileID: 2437605066446163437, guid: 0bac09782e9bffa438a1137a736ebe17,
    type: 3}
  m_PrefabInstance: {fileID: 4712361346217859898}
  m_PrefabAsset: {fileID: 0}
  m_GameObject: {fileID: 0}
  m_Enabled: 1
  m_EditorHideFlags: 0
  m_Script: {fileID: 11500000, guid: 6a5fcf0f908a2b0479d45362284782b1, type: 3}
  m_Name: 
  m_EditorClassIdentifier: 
--- !u!4 &2181074778837699526 stripped
Transform:
  m_CorrespondingSourceObject: {fileID: 6854778085556326652, guid: 0bac09782e9bffa438a1137a736ebe17,
    type: 3}
  m_PrefabInstance: {fileID: 4712361346217859898}
  m_PrefabAsset: {fileID: 0}
--- !u!1001 &4828278816978660795
PrefabInstance:
  m_ObjectHideFlags: 0
  serializedVersion: 2
  m_Modification:
    m_TransformParent: {fileID: 6785155689215246727}
    m_Modifications:
    - target: {fileID: 4191922221324831897, guid: ca1675e743b58234087ea856c403b955,
        type: 3}
      propertyPath: m_Name
      value: E6
      objectReference: {fileID: 0}
    - target: {fileID: 346948477879067515, guid: ca1675e743b58234087ea856c403b955,
        type: 3}
      propertyPath: serializationData.Prefab
      value: 
      objectReference: {fileID: 346948477879067515, guid: ca1675e743b58234087ea856c403b955,
        type: 3}
    - target: {fileID: 8171919932010110794, guid: ca1675e743b58234087ea856c403b955,
        type: 3}
      propertyPath: m_LocalPosition.x
      value: -0.16
      objectReference: {fileID: 0}
    - target: {fileID: 8171919932010110794, guid: ca1675e743b58234087ea856c403b955,
        type: 3}
      propertyPath: m_LocalPosition.y
      value: 5.72
      objectReference: {fileID: 0}
    - target: {fileID: 8171919932010110794, guid: ca1675e743b58234087ea856c403b955,
        type: 3}
      propertyPath: m_LocalPosition.z
      value: 0
      objectReference: {fileID: 0}
    - target: {fileID: 8171919932010110794, guid: ca1675e743b58234087ea856c403b955,
        type: 3}
      propertyPath: m_LocalRotation.x
      value: 0
      objectReference: {fileID: 0}
    - target: {fileID: 8171919932010110794, guid: ca1675e743b58234087ea856c403b955,
        type: 3}
      propertyPath: m_LocalRotation.y
      value: 0
      objectReference: {fileID: 0}
    - target: {fileID: 8171919932010110794, guid: ca1675e743b58234087ea856c403b955,
        type: 3}
      propertyPath: m_LocalRotation.z
      value: 0
      objectReference: {fileID: 0}
    - target: {fileID: 8171919932010110794, guid: ca1675e743b58234087ea856c403b955,
        type: 3}
      propertyPath: m_LocalRotation.w
      value: 1
      objectReference: {fileID: 0}
    - target: {fileID: 8171919932010110794, guid: ca1675e743b58234087ea856c403b955,
        type: 3}
      propertyPath: m_RootOrder
      value: 19
      objectReference: {fileID: 0}
    - target: {fileID: 8171919932010110794, guid: ca1675e743b58234087ea856c403b955,
        type: 3}
      propertyPath: m_LocalEulerAnglesHint.x
      value: 0
      objectReference: {fileID: 0}
    - target: {fileID: 8171919932010110794, guid: ca1675e743b58234087ea856c403b955,
        type: 3}
      propertyPath: m_LocalEulerAnglesHint.y
      value: 0
      objectReference: {fileID: 0}
    - target: {fileID: 8171919932010110794, guid: ca1675e743b58234087ea856c403b955,
        type: 3}
      propertyPath: m_LocalEulerAnglesHint.z
      value: 0
      objectReference: {fileID: 0}
    - target: {fileID: 618480517547593664, guid: ca1675e743b58234087ea856c403b955,
        type: 3}
      propertyPath: serializationData.Prefab
      value: 
      objectReference: {fileID: 618480517547593664, guid: ca1675e743b58234087ea856c403b955,
        type: 3}
    m_RemovedComponents: []
  m_SourcePrefab: {fileID: 100100000, guid: ca1675e743b58234087ea856c403b955, type: 3}
--- !u!4 &3632438839805211377 stripped
Transform:
  m_CorrespondingSourceObject: {fileID: 8171919932010110794, guid: ca1675e743b58234087ea856c403b955,
    type: 3}
  m_PrefabInstance: {fileID: 4828278816978660795}
  m_PrefabAsset: {fileID: 0}
--- !u!114 &5175170119111167680 stripped
MonoBehaviour:
  m_CorrespondingSourceObject: {fileID: 346948477879067515, guid: ca1675e743b58234087ea856c403b955,
    type: 3}
  m_PrefabInstance: {fileID: 4828278816978660795}
  m_PrefabAsset: {fileID: 0}
  m_GameObject: {fileID: 0}
  m_Enabled: 1
  m_EditorHideFlags: 0
  m_Script: {fileID: 11500000, guid: 4e5d44ab178daae4b92fd03ba3b7671e, type: 3}
  m_Name: 
  m_EditorClassIdentifier: 
--- !u!1001 &4883883170377819558
PrefabInstance:
  m_ObjectHideFlags: 0
  serializedVersion: 2
  m_Modification:
    m_TransformParent: {fileID: 6785155689215246727}
    m_Modifications:
    - target: {fileID: 2751923071388175970, guid: 36365f99b0f67434ea5e175a37d988f9,
        type: 3}
      propertyPath: m_Name
      value: E4
      objectReference: {fileID: 0}
    - target: {fileID: 2751923071388175970, guid: 36365f99b0f67434ea5e175a37d988f9,
        type: 3}
      propertyPath: m_IsActive
      value: 0
      objectReference: {fileID: 0}
    - target: {fileID: 7886935026398191025, guid: 36365f99b0f67434ea5e175a37d988f9,
        type: 3}
      propertyPath: m_LocalPosition.x
      value: -0.18
      objectReference: {fileID: 0}
    - target: {fileID: 7886935026398191025, guid: 36365f99b0f67434ea5e175a37d988f9,
        type: 3}
      propertyPath: m_LocalPosition.y
      value: 5.36
      objectReference: {fileID: 0}
    - target: {fileID: 7886935026398191025, guid: 36365f99b0f67434ea5e175a37d988f9,
        type: 3}
      propertyPath: m_LocalPosition.z
      value: 0
      objectReference: {fileID: 0}
    - target: {fileID: 7886935026398191025, guid: 36365f99b0f67434ea5e175a37d988f9,
        type: 3}
      propertyPath: m_LocalRotation.x
      value: 0
      objectReference: {fileID: 0}
    - target: {fileID: 7886935026398191025, guid: 36365f99b0f67434ea5e175a37d988f9,
        type: 3}
      propertyPath: m_LocalRotation.y
      value: 0
      objectReference: {fileID: 0}
    - target: {fileID: 7886935026398191025, guid: 36365f99b0f67434ea5e175a37d988f9,
        type: 3}
      propertyPath: m_LocalRotation.z
      value: 0
      objectReference: {fileID: 0}
    - target: {fileID: 7886935026398191025, guid: 36365f99b0f67434ea5e175a37d988f9,
        type: 3}
      propertyPath: m_LocalRotation.w
      value: 1
      objectReference: {fileID: 0}
    - target: {fileID: 7886935026398191025, guid: 36365f99b0f67434ea5e175a37d988f9,
        type: 3}
      propertyPath: m_RootOrder
      value: 10
      objectReference: {fileID: 0}
    - target: {fileID: 7886935026398191025, guid: 36365f99b0f67434ea5e175a37d988f9,
        type: 3}
      propertyPath: m_LocalEulerAnglesHint.x
      value: 0
      objectReference: {fileID: 0}
    - target: {fileID: 7886935026398191025, guid: 36365f99b0f67434ea5e175a37d988f9,
        type: 3}
      propertyPath: m_LocalEulerAnglesHint.y
      value: 0
      objectReference: {fileID: 0}
    - target: {fileID: 7886935026398191025, guid: 36365f99b0f67434ea5e175a37d988f9,
        type: 3}
      propertyPath: m_LocalEulerAnglesHint.z
      value: 0
      objectReference: {fileID: 0}
    - target: {fileID: 7295478879295554945, guid: 36365f99b0f67434ea5e175a37d988f9,
        type: 3}
      propertyPath: serializationData.Prefab
      value: 
      objectReference: {fileID: 7295478879295554945, guid: 36365f99b0f67434ea5e175a37d988f9,
        type: 3}
    m_RemovedComponents: []
  m_SourcePrefab: {fileID: 100100000, guid: 36365f99b0f67434ea5e175a37d988f9, type: 3}
--- !u!4 &3365046818578380823 stripped
Transform:
  m_CorrespondingSourceObject: {fileID: 7886935026398191025, guid: 36365f99b0f67434ea5e175a37d988f9,
    type: 3}
  m_PrefabInstance: {fileID: 4883883170377819558}
  m_PrefabAsset: {fileID: 0}
--- !u!1001 &5474703616455453693
PrefabInstance:
  m_ObjectHideFlags: 0
  serializedVersion: 2
  m_Modification:
    m_TransformParent: {fileID: 6785155689215246727}
    m_Modifications:
    - target: {fileID: 1469825720698012463, guid: 0bac09782e9bffa438a1137a736ebe17,
        type: 3}
      propertyPath: m_Name
      value: E1
      objectReference: {fileID: 0}
    - target: {fileID: 2437605066446163437, guid: 0bac09782e9bffa438a1137a736ebe17,
        type: 3}
      propertyPath: serializationData.Prefab
      value: 
      objectReference: {fileID: 2437605066446163437, guid: 0bac09782e9bffa438a1137a736ebe17,
        type: 3}
    - target: {fileID: 6854778085556326652, guid: 0bac09782e9bffa438a1137a736ebe17,
        type: 3}
      propertyPath: m_LocalPosition.x
      value: -1.76
      objectReference: {fileID: 0}
    - target: {fileID: 6854778085556326652, guid: 0bac09782e9bffa438a1137a736ebe17,
        type: 3}
      propertyPath: m_LocalPosition.y
      value: 8.68
      objectReference: {fileID: 0}
    - target: {fileID: 6854778085556326652, guid: 0bac09782e9bffa438a1137a736ebe17,
        type: 3}
      propertyPath: m_LocalPosition.z
      value: 0
      objectReference: {fileID: 0}
    - target: {fileID: 6854778085556326652, guid: 0bac09782e9bffa438a1137a736ebe17,
        type: 3}
      propertyPath: m_LocalRotation.x
      value: -0
      objectReference: {fileID: 0}
    - target: {fileID: 6854778085556326652, guid: 0bac09782e9bffa438a1137a736ebe17,
        type: 3}
      propertyPath: m_LocalRotation.y
      value: -0
      objectReference: {fileID: 0}
    - target: {fileID: 6854778085556326652, guid: 0bac09782e9bffa438a1137a736ebe17,
        type: 3}
      propertyPath: m_LocalRotation.z
      value: -0
      objectReference: {fileID: 0}
    - target: {fileID: 6854778085556326652, guid: 0bac09782e9bffa438a1137a736ebe17,
        type: 3}
      propertyPath: m_LocalRotation.w
      value: 1
      objectReference: {fileID: 0}
    - target: {fileID: 6854778085556326652, guid: 0bac09782e9bffa438a1137a736ebe17,
        type: 3}
      propertyPath: m_RootOrder
      value: 0
      objectReference: {fileID: 0}
    - target: {fileID: 6854778085556326652, guid: 0bac09782e9bffa438a1137a736ebe17,
        type: 3}
      propertyPath: m_LocalEulerAnglesHint.x
      value: 0
      objectReference: {fileID: 0}
    - target: {fileID: 6854778085556326652, guid: 0bac09782e9bffa438a1137a736ebe17,
        type: 3}
      propertyPath: m_LocalEulerAnglesHint.y
      value: 0
      objectReference: {fileID: 0}
    - target: {fileID: 6854778085556326652, guid: 0bac09782e9bffa438a1137a736ebe17,
        type: 3}
      propertyPath: m_LocalEulerAnglesHint.z
      value: 0
      objectReference: {fileID: 0}
    m_RemovedComponents: []
  m_SourcePrefab: {fileID: 100100000, guid: 0bac09782e9bffa438a1137a736ebe17, type: 3}
--- !u!4 &1502827572858731265 stripped
Transform:
  m_CorrespondingSourceObject: {fileID: 6854778085556326652, guid: 0bac09782e9bffa438a1137a736ebe17,
    type: 3}
  m_PrefabInstance: {fileID: 5474703616455453693}
  m_PrefabAsset: {fileID: 0}
--- !u!114 &7651071552895116816 stripped
MonoBehaviour:
  m_CorrespondingSourceObject: {fileID: 2437605066446163437, guid: 0bac09782e9bffa438a1137a736ebe17,
    type: 3}
  m_PrefabInstance: {fileID: 5474703616455453693}
  m_PrefabAsset: {fileID: 0}
  m_GameObject: {fileID: 0}
  m_Enabled: 1
  m_EditorHideFlags: 0
  m_Script: {fileID: 11500000, guid: 6a5fcf0f908a2b0479d45362284782b1, type: 3}
  m_Name: 
  m_EditorClassIdentifier: 
--- !u!1001 &5897567418503682836
PrefabInstance:
  m_ObjectHideFlags: 0
  serializedVersion: 2
  m_Modification:
    m_TransformParent: {fileID: 6785155689215246727}
    m_Modifications:
    - target: {fileID: 5630953310540629630, guid: a7122e13dde9be6409788db4eab83f8b,
        type: 3}
      propertyPath: m_Name
      value: Obstacle
      objectReference: {fileID: 0}
    - target: {fileID: 1491892829220221822, guid: a7122e13dde9be6409788db4eab83f8b,
        type: 3}
      propertyPath: m_LocalPosition.x
      value: -2.71
      objectReference: {fileID: 0}
    - target: {fileID: 1491892829220221822, guid: a7122e13dde9be6409788db4eab83f8b,
        type: 3}
      propertyPath: m_LocalPosition.y
      value: 3.17
      objectReference: {fileID: 0}
    - target: {fileID: 1491892829220221822, guid: a7122e13dde9be6409788db4eab83f8b,
        type: 3}
      propertyPath: m_LocalPosition.z
      value: 0
      objectReference: {fileID: 0}
    - target: {fileID: 1491892829220221822, guid: a7122e13dde9be6409788db4eab83f8b,
        type: 3}
      propertyPath: m_LocalRotation.x
      value: 0
      objectReference: {fileID: 0}
    - target: {fileID: 1491892829220221822, guid: a7122e13dde9be6409788db4eab83f8b,
        type: 3}
      propertyPath: m_LocalRotation.y
      value: 0
      objectReference: {fileID: 0}
    - target: {fileID: 1491892829220221822, guid: a7122e13dde9be6409788db4eab83f8b,
        type: 3}
      propertyPath: m_LocalRotation.z
      value: 0.38268343
      objectReference: {fileID: 0}
    - target: {fileID: 1491892829220221822, guid: a7122e13dde9be6409788db4eab83f8b,
        type: 3}
      propertyPath: m_LocalRotation.w
      value: 0.92387956
      objectReference: {fileID: 0}
    - target: {fileID: 1491892829220221822, guid: a7122e13dde9be6409788db4eab83f8b,
        type: 3}
      propertyPath: m_RootOrder
      value: 17
      objectReference: {fileID: 0}
    - target: {fileID: 1491892829220221822, guid: a7122e13dde9be6409788db4eab83f8b,
        type: 3}
      propertyPath: m_LocalEulerAnglesHint.x
      value: 0
      objectReference: {fileID: 0}
    - target: {fileID: 1491892829220221822, guid: a7122e13dde9be6409788db4eab83f8b,
        type: 3}
      propertyPath: m_LocalEulerAnglesHint.y
      value: 0
      objectReference: {fileID: 0}
    - target: {fileID: 1491892829220221822, guid: a7122e13dde9be6409788db4eab83f8b,
        type: 3}
      propertyPath: m_LocalEulerAnglesHint.z
      value: 45
      objectReference: {fileID: 0}
    m_RemovedComponents: []
  m_SourcePrefab: {fileID: 100100000, guid: a7122e13dde9be6409788db4eab83f8b, type: 3}
--- !u!4 &5002402756997933162 stripped
Transform:
  m_CorrespondingSourceObject: {fileID: 1491892829220221822, guid: a7122e13dde9be6409788db4eab83f8b,
    type: 3}
  m_PrefabInstance: {fileID: 5897567418503682836}
  m_PrefabAsset: {fileID: 0}
--- !u!1001 &6351548894108646460
PrefabInstance:
  m_ObjectHideFlags: 0
  serializedVersion: 2
  m_Modification:
    m_TransformParent: {fileID: 6785155689215246727}
    m_Modifications:
    - target: {fileID: 1469825720698012463, guid: 0bac09782e9bffa438a1137a736ebe17,
        type: 3}
      propertyPath: m_Name
      value: E1 (17)
      objectReference: {fileID: 0}
    - target: {fileID: 2437605066446163437, guid: 0bac09782e9bffa438a1137a736ebe17,
        type: 3}
      propertyPath: serializationData.Prefab
      value: 
      objectReference: {fileID: 2437605066446163437, guid: 0bac09782e9bffa438a1137a736ebe17,
        type: 3}
    - target: {fileID: 6854778085556326652, guid: 0bac09782e9bffa438a1137a736ebe17,
        type: 3}
      propertyPath: m_LocalPosition.x
      value: 0.45
      objectReference: {fileID: 0}
    - target: {fileID: 6854778085556326652, guid: 0bac09782e9bffa438a1137a736ebe17,
        type: 3}
      propertyPath: m_LocalPosition.y
      value: 7.17
      objectReference: {fileID: 0}
    - target: {fileID: 6854778085556326652, guid: 0bac09782e9bffa438a1137a736ebe17,
        type: 3}
      propertyPath: m_LocalPosition.z
      value: 0
      objectReference: {fileID: 0}
    - target: {fileID: 6854778085556326652, guid: 0bac09782e9bffa438a1137a736ebe17,
        type: 3}
      propertyPath: m_LocalRotation.x
      value: -0
      objectReference: {fileID: 0}
    - target: {fileID: 6854778085556326652, guid: 0bac09782e9bffa438a1137a736ebe17,
        type: 3}
      propertyPath: m_LocalRotation.y
      value: -0
      objectReference: {fileID: 0}
    - target: {fileID: 6854778085556326652, guid: 0bac09782e9bffa438a1137a736ebe17,
        type: 3}
      propertyPath: m_LocalRotation.z
      value: -0
      objectReference: {fileID: 0}
    - target: {fileID: 6854778085556326652, guid: 0bac09782e9bffa438a1137a736ebe17,
        type: 3}
      propertyPath: m_LocalRotation.w
      value: 1
      objectReference: {fileID: 0}
    - target: {fileID: 6854778085556326652, guid: 0bac09782e9bffa438a1137a736ebe17,
        type: 3}
      propertyPath: m_RootOrder
      value: 16
      objectReference: {fileID: 0}
    - target: {fileID: 6854778085556326652, guid: 0bac09782e9bffa438a1137a736ebe17,
        type: 3}
      propertyPath: m_LocalEulerAnglesHint.x
      value: 0
      objectReference: {fileID: 0}
    - target: {fileID: 6854778085556326652, guid: 0bac09782e9bffa438a1137a736ebe17,
        type: 3}
      propertyPath: m_LocalEulerAnglesHint.y
      value: 0
      objectReference: {fileID: 0}
    - target: {fileID: 6854778085556326652, guid: 0bac09782e9bffa438a1137a736ebe17,
        type: 3}
      propertyPath: m_LocalEulerAnglesHint.z
      value: 0
      objectReference: {fileID: 0}
    m_RemovedComponents: []
  m_SourcePrefab: {fileID: 100100000, guid: 0bac09782e9bffa438a1137a736ebe17, type: 3}
--- !u!4 &505577750038932672 stripped
Transform:
  m_CorrespondingSourceObject: {fileID: 6854778085556326652, guid: 0bac09782e9bffa438a1137a736ebe17,
    type: 3}
  m_PrefabInstance: {fileID: 6351548894108646460}
  m_PrefabAsset: {fileID: 0}
--- !u!114 &8786840587550175697 stripped
MonoBehaviour:
  m_CorrespondingSourceObject: {fileID: 2437605066446163437, guid: 0bac09782e9bffa438a1137a736ebe17,
    type: 3}
  m_PrefabInstance: {fileID: 6351548894108646460}
  m_PrefabAsset: {fileID: 0}
  m_GameObject: {fileID: 0}
  m_Enabled: 1
  m_EditorHideFlags: 0
  m_Script: {fileID: 11500000, guid: 6a5fcf0f908a2b0479d45362284782b1, type: 3}
  m_Name: 
  m_EditorClassIdentifier: 
--- !u!1001 &6588670613451461458
PrefabInstance:
  m_ObjectHideFlags: 0
  serializedVersion: 2
  m_Modification:
    m_TransformParent: {fileID: 6785155689215246727}
    m_Modifications:
    - target: {fileID: 1469825720698012463, guid: 0bac09782e9bffa438a1137a736ebe17,
        type: 3}
      propertyPath: m_Name
      value: E1 (14)
      objectReference: {fileID: 0}
    - target: {fileID: 2437605066446163437, guid: 0bac09782e9bffa438a1137a736ebe17,
        type: 3}
      propertyPath: serializationData.Prefab
      value: 
      objectReference: {fileID: 2437605066446163437, guid: 0bac09782e9bffa438a1137a736ebe17,
        type: 3}
    - target: {fileID: 6854778085556326652, guid: 0bac09782e9bffa438a1137a736ebe17,
        type: 3}
      propertyPath: m_LocalPosition.x
      value: -0.6
      objectReference: {fileID: 0}
    - target: {fileID: 6854778085556326652, guid: 0bac09782e9bffa438a1137a736ebe17,
        type: 3}
      propertyPath: m_LocalPosition.y
      value: 9.42
      objectReference: {fileID: 0}
    - target: {fileID: 6854778085556326652, guid: 0bac09782e9bffa438a1137a736ebe17,
        type: 3}
      propertyPath: m_LocalPosition.z
      value: 0
      objectReference: {fileID: 0}
    - target: {fileID: 6854778085556326652, guid: 0bac09782e9bffa438a1137a736ebe17,
        type: 3}
      propertyPath: m_LocalRotation.x
      value: -0
      objectReference: {fileID: 0}
    - target: {fileID: 6854778085556326652, guid: 0bac09782e9bffa438a1137a736ebe17,
        type: 3}
      propertyPath: m_LocalRotation.y
      value: -0
      objectReference: {fileID: 0}
    - target: {fileID: 6854778085556326652, guid: 0bac09782e9bffa438a1137a736ebe17,
        type: 3}
      propertyPath: m_LocalRotation.z
      value: -0
      objectReference: {fileID: 0}
    - target: {fileID: 6854778085556326652, guid: 0bac09782e9bffa438a1137a736ebe17,
        type: 3}
      propertyPath: m_LocalRotation.w
      value: 1
      objectReference: {fileID: 0}
    - target: {fileID: 6854778085556326652, guid: 0bac09782e9bffa438a1137a736ebe17,
        type: 3}
      propertyPath: m_RootOrder
      value: 13
      objectReference: {fileID: 0}
    - target: {fileID: 6854778085556326652, guid: 0bac09782e9bffa438a1137a736ebe17,
        type: 3}
      propertyPath: m_LocalEulerAnglesHint.x
      value: 0
      objectReference: {fileID: 0}
    - target: {fileID: 6854778085556326652, guid: 0bac09782e9bffa438a1137a736ebe17,
        type: 3}
      propertyPath: m_LocalEulerAnglesHint.y
      value: 0
      objectReference: {fileID: 0}
    - target: {fileID: 6854778085556326652, guid: 0bac09782e9bffa438a1137a736ebe17,
        type: 3}
      propertyPath: m_LocalEulerAnglesHint.z
      value: 0
      objectReference: {fileID: 0}
    m_RemovedComponents: []
  m_SourcePrefab: {fileID: 100100000, guid: 0bac09782e9bffa438a1137a736ebe17, type: 3}
--- !u!114 &8843862298505453247 stripped
MonoBehaviour:
  m_CorrespondingSourceObject: {fileID: 2437605066446163437, guid: 0bac09782e9bffa438a1137a736ebe17,
    type: 3}
  m_PrefabInstance: {fileID: 6588670613451461458}
  m_PrefabAsset: {fileID: 0}
  m_GameObject: {fileID: 0}
  m_Enabled: 1
  m_EditorHideFlags: 0
  m_Script: {fileID: 11500000, guid: 6a5fcf0f908a2b0479d45362284782b1, type: 3}
  m_Name: 
  m_EditorClassIdentifier: 
--- !u!4 &310389220590207918 stripped
Transform:
  m_CorrespondingSourceObject: {fileID: 6854778085556326652, guid: 0bac09782e9bffa438a1137a736ebe17,
    type: 3}
  m_PrefabInstance: {fileID: 6588670613451461458}
  m_PrefabAsset: {fileID: 0}
--- !u!1001 &6747856433822403224
PrefabInstance:
  m_ObjectHideFlags: 0
  serializedVersion: 2
  m_Modification:
    m_TransformParent: {fileID: 6785155689215246727}
    m_Modifications:
    - target: {fileID: 1469825720698012463, guid: 0bac09782e9bffa438a1137a736ebe17,
        type: 3}
      propertyPath: m_Name
      value: E1 (3)
      objectReference: {fileID: 0}
    - target: {fileID: 2437605066446163437, guid: 0bac09782e9bffa438a1137a736ebe17,
        type: 3}
      propertyPath: serializationData.Prefab
      value: 
      objectReference: {fileID: 2437605066446163437, guid: 0bac09782e9bffa438a1137a736ebe17,
        type: 3}
    - target: {fileID: 6854778085556326652, guid: 0bac09782e9bffa438a1137a736ebe17,
        type: 3}
      propertyPath: m_LocalPosition.x
      value: -0.02
      objectReference: {fileID: 0}
    - target: {fileID: 6854778085556326652, guid: 0bac09782e9bffa438a1137a736ebe17,
        type: 3}
      propertyPath: m_LocalPosition.y
      value: 0.77
      objectReference: {fileID: 0}
    - target: {fileID: 6854778085556326652, guid: 0bac09782e9bffa438a1137a736ebe17,
        type: 3}
      propertyPath: m_LocalPosition.z
      value: 0
      objectReference: {fileID: 0}
    - target: {fileID: 6854778085556326652, guid: 0bac09782e9bffa438a1137a736ebe17,
        type: 3}
      propertyPath: m_LocalRotation.x
      value: -0
      objectReference: {fileID: 0}
    - target: {fileID: 6854778085556326652, guid: 0bac09782e9bffa438a1137a736ebe17,
        type: 3}
      propertyPath: m_LocalRotation.y
      value: -0
      objectReference: {fileID: 0}
    - target: {fileID: 6854778085556326652, guid: 0bac09782e9bffa438a1137a736ebe17,
        type: 3}
      propertyPath: m_LocalRotation.z
      value: -0
      objectReference: {fileID: 0}
    - target: {fileID: 6854778085556326652, guid: 0bac09782e9bffa438a1137a736ebe17,
        type: 3}
      propertyPath: m_LocalRotation.w
      value: 1
      objectReference: {fileID: 0}
    - target: {fileID: 6854778085556326652, guid: 0bac09782e9bffa438a1137a736ebe17,
        type: 3}
      propertyPath: m_RootOrder
      value: 3
      objectReference: {fileID: 0}
    - target: {fileID: 6854778085556326652, guid: 0bac09782e9bffa438a1137a736ebe17,
        type: 3}
      propertyPath: m_LocalEulerAnglesHint.x
      value: 0
      objectReference: {fileID: 0}
    - target: {fileID: 6854778085556326652, guid: 0bac09782e9bffa438a1137a736ebe17,
        type: 3}
      propertyPath: m_LocalEulerAnglesHint.y
      value: 0
      objectReference: {fileID: 0}
    - target: {fileID: 6854778085556326652, guid: 0bac09782e9bffa438a1137a736ebe17,
        type: 3}
      propertyPath: m_LocalEulerAnglesHint.z
      value: 0
      objectReference: {fileID: 0}
    m_RemovedComponents: []
  m_SourcePrefab: {fileID: 100100000, guid: 0bac09782e9bffa438a1137a736ebe17, type: 3}
--- !u!4 &181309420291365476 stripped
Transform:
  m_CorrespondingSourceObject: {fileID: 6854778085556326652, guid: 0bac09782e9bffa438a1137a736ebe17,
    type: 3}
  m_PrefabInstance: {fileID: 6747856433822403224}
  m_PrefabAsset: {fileID: 0}
--- !u!114 &8967000320922535797 stripped
MonoBehaviour:
  m_CorrespondingSourceObject: {fileID: 2437605066446163437, guid: 0bac09782e9bffa438a1137a736ebe17,
    type: 3}
  m_PrefabInstance: {fileID: 6747856433822403224}
  m_PrefabAsset: {fileID: 0}
  m_GameObject: {fileID: 0}
  m_Enabled: 1
  m_EditorHideFlags: 0
  m_Script: {fileID: 11500000, guid: 6a5fcf0f908a2b0479d45362284782b1, type: 3}
  m_Name: 
  m_EditorClassIdentifier: 
--- !u!1001 &6811595982802815195
PrefabInstance:
  m_ObjectHideFlags: 0
  serializedVersion: 2
  m_Modification:
    m_TransformParent: {fileID: 6785155689215246727}
    m_Modifications:
    - target: {fileID: 1469825720698012463, guid: 0bac09782e9bffa438a1137a736ebe17,
        type: 3}
      propertyPath: m_Name
      value: E1 (5)
      objectReference: {fileID: 0}
    - target: {fileID: 2437605066446163437, guid: 0bac09782e9bffa438a1137a736ebe17,
        type: 3}
      propertyPath: serializationData.Prefab
      value: 
      objectReference: {fileID: 2437605066446163437, guid: 0bac09782e9bffa438a1137a736ebe17,
        type: 3}
    - target: {fileID: 6854778085556326652, guid: 0bac09782e9bffa438a1137a736ebe17,
        type: 3}
      propertyPath: m_LocalPosition.x
      value: 2.06
      objectReference: {fileID: 0}
    - target: {fileID: 6854778085556326652, guid: 0bac09782e9bffa438a1137a736ebe17,
        type: 3}
      propertyPath: m_LocalPosition.y
      value: 1.42
      objectReference: {fileID: 0}
    - target: {fileID: 6854778085556326652, guid: 0bac09782e9bffa438a1137a736ebe17,
        type: 3}
      propertyPath: m_LocalPosition.z
      value: 0
      objectReference: {fileID: 0}
    - target: {fileID: 6854778085556326652, guid: 0bac09782e9bffa438a1137a736ebe17,
        type: 3}
      propertyPath: m_LocalRotation.x
      value: -0
      objectReference: {fileID: 0}
    - target: {fileID: 6854778085556326652, guid: 0bac09782e9bffa438a1137a736ebe17,
        type: 3}
      propertyPath: m_LocalRotation.y
      value: -0
      objectReference: {fileID: 0}
    - target: {fileID: 6854778085556326652, guid: 0bac09782e9bffa438a1137a736ebe17,
        type: 3}
      propertyPath: m_LocalRotation.z
      value: -0
      objectReference: {fileID: 0}
    - target: {fileID: 6854778085556326652, guid: 0bac09782e9bffa438a1137a736ebe17,
        type: 3}
      propertyPath: m_LocalRotation.w
      value: 1
      objectReference: {fileID: 0}
    - target: {fileID: 6854778085556326652, guid: 0bac09782e9bffa438a1137a736ebe17,
        type: 3}
      propertyPath: m_RootOrder
      value: 5
      objectReference: {fileID: 0}
    - target: {fileID: 6854778085556326652, guid: 0bac09782e9bffa438a1137a736ebe17,
        type: 3}
      propertyPath: m_LocalEulerAnglesHint.x
      value: 0
      objectReference: {fileID: 0}
    - target: {fileID: 6854778085556326652, guid: 0bac09782e9bffa438a1137a736ebe17,
        type: 3}
      propertyPath: m_LocalEulerAnglesHint.y
      value: 0
      objectReference: {fileID: 0}
    - target: {fileID: 6854778085556326652, guid: 0bac09782e9bffa438a1137a736ebe17,
        type: 3}
      propertyPath: m_LocalEulerAnglesHint.z
      value: 0
      objectReference: {fileID: 0}
    m_RemovedComponents: []
  m_SourcePrefab: {fileID: 100100000, guid: 0bac09782e9bffa438a1137a736ebe17, type: 3}
--- !u!114 &9174881995204314422 stripped
MonoBehaviour:
  m_CorrespondingSourceObject: {fileID: 2437605066446163437, guid: 0bac09782e9bffa438a1137a736ebe17,
    type: 3}
  m_PrefabInstance: {fileID: 6811595982802815195}
  m_PrefabAsset: {fileID: 0}
  m_GameObject: {fileID: 0}
  m_Enabled: 1
  m_EditorHideFlags: 0
  m_Script: {fileID: 11500000, guid: 6a5fcf0f908a2b0479d45362284782b1, type: 3}
  m_Name: 
  m_EditorClassIdentifier: 
--- !u!4 &118982745631692839 stripped
Transform:
  m_CorrespondingSourceObject: {fileID: 6854778085556326652, guid: 0bac09782e9bffa438a1137a736ebe17,
    type: 3}
  m_PrefabInstance: {fileID: 6811595982802815195}
  m_PrefabAsset: {fileID: 0}
--- !u!1001 &6956256064962128884
PrefabInstance:
  m_ObjectHideFlags: 0
  serializedVersion: 2
  m_Modification:
    m_TransformParent: {fileID: 6785155689215246727}
    m_Modifications:
    - target: {fileID: 1469825720698012463, guid: 0bac09782e9bffa438a1137a736ebe17,
        type: 3}
      propertyPath: m_Name
      value: E1 (8)
      objectReference: {fileID: 0}
    - target: {fileID: 2437605066446163437, guid: 0bac09782e9bffa438a1137a736ebe17,
        type: 3}
      propertyPath: serializationData.Prefab
      value: 
      objectReference: {fileID: 2437605066446163437, guid: 0bac09782e9bffa438a1137a736ebe17,
        type: 3}
    - target: {fileID: 6854778085556326652, guid: 0bac09782e9bffa438a1137a736ebe17,
        type: 3}
      propertyPath: m_LocalPosition.x
      value: 1.14
      objectReference: {fileID: 0}
    - target: {fileID: 6854778085556326652, guid: 0bac09782e9bffa438a1137a736ebe17,
        type: 3}
      propertyPath: m_LocalPosition.y
      value: 2.48
      objectReference: {fileID: 0}
    - target: {fileID: 6854778085556326652, guid: 0bac09782e9bffa438a1137a736ebe17,
        type: 3}
      propertyPath: m_LocalPosition.z
      value: 0
      objectReference: {fileID: 0}
    - target: {fileID: 6854778085556326652, guid: 0bac09782e9bffa438a1137a736ebe17,
        type: 3}
      propertyPath: m_LocalRotation.x
      value: -0
      objectReference: {fileID: 0}
    - target: {fileID: 6854778085556326652, guid: 0bac09782e9bffa438a1137a736ebe17,
        type: 3}
      propertyPath: m_LocalRotation.y
      value: -0
      objectReference: {fileID: 0}
    - target: {fileID: 6854778085556326652, guid: 0bac09782e9bffa438a1137a736ebe17,
        type: 3}
      propertyPath: m_LocalRotation.z
      value: -0
      objectReference: {fileID: 0}
    - target: {fileID: 6854778085556326652, guid: 0bac09782e9bffa438a1137a736ebe17,
        type: 3}
      propertyPath: m_LocalRotation.w
      value: 1
      objectReference: {fileID: 0}
    - target: {fileID: 6854778085556326652, guid: 0bac09782e9bffa438a1137a736ebe17,
        type: 3}
      propertyPath: m_RootOrder
      value: 8
      objectReference: {fileID: 0}
    - target: {fileID: 6854778085556326652, guid: 0bac09782e9bffa438a1137a736ebe17,
        type: 3}
      propertyPath: m_LocalEulerAnglesHint.x
      value: 0
      objectReference: {fileID: 0}
    - target: {fileID: 6854778085556326652, guid: 0bac09782e9bffa438a1137a736ebe17,
        type: 3}
      propertyPath: m_LocalEulerAnglesHint.y
      value: 0
      objectReference: {fileID: 0}
    - target: {fileID: 6854778085556326652, guid: 0bac09782e9bffa438a1137a736ebe17,
        type: 3}
      propertyPath: m_LocalEulerAnglesHint.z
      value: 0
      objectReference: {fileID: 0}
    m_RemovedComponents: []
  m_SourcePrefab: {fileID: 100100000, guid: 0bac09782e9bffa438a1137a736ebe17, type: 3}
--- !u!4 &4587063901938449160 stripped
Transform:
  m_CorrespondingSourceObject: {fileID: 6854778085556326652, guid: 0bac09782e9bffa438a1137a736ebe17,
    type: 3}
  m_PrefabInstance: {fileID: 6956256064962128884}
  m_PrefabAsset: {fileID: 0}
--- !u!114 &4710073538471405081 stripped
MonoBehaviour:
  m_CorrespondingSourceObject: {fileID: 2437605066446163437, guid: 0bac09782e9bffa438a1137a736ebe17,
    type: 3}
  m_PrefabInstance: {fileID: 6956256064962128884}
  m_PrefabAsset: {fileID: 0}
  m_GameObject: {fileID: 0}
  m_Enabled: 1
  m_EditorHideFlags: 0
  m_Script: {fileID: 11500000, guid: 6a5fcf0f908a2b0479d45362284782b1, type: 3}
  m_Name: 
  m_EditorClassIdentifier: 
--- !u!1001 &7202437122103629710
PrefabInstance:
  m_ObjectHideFlags: 0
  serializedVersion: 2
  m_Modification:
    m_TransformParent: {fileID: 6785155689215246727}
    m_Modifications:
    - target: {fileID: 1469825720698012463, guid: 0bac09782e9bffa438a1137a736ebe17,
        type: 3}
      propertyPath: m_Name
      value: E1 (11)
      objectReference: {fileID: 0}
    - target: {fileID: 2437605066446163437, guid: 0bac09782e9bffa438a1137a736ebe17,
        type: 3}
      propertyPath: serializationData.Prefab
      value: 
      objectReference: {fileID: 2437605066446163437, guid: 0bac09782e9bffa438a1137a736ebe17,
        type: 3}
    - target: {fileID: 6854778085556326652, guid: 0bac09782e9bffa438a1137a736ebe17,
        type: 3}
      propertyPath: m_LocalPosition.x
      value: -0.76
      objectReference: {fileID: 0}
    - target: {fileID: 6854778085556326652, guid: 0bac09782e9bffa438a1137a736ebe17,
        type: 3}
      propertyPath: m_LocalPosition.y
      value: 4.75
      objectReference: {fileID: 0}
    - target: {fileID: 6854778085556326652, guid: 0bac09782e9bffa438a1137a736ebe17,
        type: 3}
      propertyPath: m_LocalPosition.z
      value: 0
      objectReference: {fileID: 0}
    - target: {fileID: 6854778085556326652, guid: 0bac09782e9bffa438a1137a736ebe17,
        type: 3}
      propertyPath: m_LocalRotation.x
      value: -0
      objectReference: {fileID: 0}
    - target: {fileID: 6854778085556326652, guid: 0bac09782e9bffa438a1137a736ebe17,
        type: 3}
      propertyPath: m_LocalRotation.y
      value: -0
      objectReference: {fileID: 0}
    - target: {fileID: 6854778085556326652, guid: 0bac09782e9bffa438a1137a736ebe17,
        type: 3}
      propertyPath: m_LocalRotation.z
      value: -0
      objectReference: {fileID: 0}
    - target: {fileID: 6854778085556326652, guid: 0bac09782e9bffa438a1137a736ebe17,
        type: 3}
      propertyPath: m_LocalRotation.w
      value: 1
      objectReference: {fileID: 0}
    - target: {fileID: 6854778085556326652, guid: 0bac09782e9bffa438a1137a736ebe17,
        type: 3}
      propertyPath: m_RootOrder
      value: 12
      objectReference: {fileID: 0}
    - target: {fileID: 6854778085556326652, guid: 0bac09782e9bffa438a1137a736ebe17,
        type: 3}
      propertyPath: m_LocalEulerAnglesHint.x
      value: 0
      objectReference: {fileID: 0}
    - target: {fileID: 6854778085556326652, guid: 0bac09782e9bffa438a1137a736ebe17,
        type: 3}
      propertyPath: m_LocalEulerAnglesHint.y
      value: 0
      objectReference: {fileID: 0}
    - target: {fileID: 6854778085556326652, guid: 0bac09782e9bffa438a1137a736ebe17,
        type: 3}
      propertyPath: m_LocalEulerAnglesHint.z
      value: 0
      objectReference: {fileID: 0}
    m_RemovedComponents: []
  m_SourcePrefab: {fileID: 100100000, guid: 0bac09782e9bffa438a1137a736ebe17, type: 3}
--- !u!4 &4383447465347860338 stripped
Transform:
  m_CorrespondingSourceObject: {fileID: 6854778085556326652, guid: 0bac09782e9bffa438a1137a736ebe17,
    type: 3}
  m_PrefabInstance: {fileID: 7202437122103629710}
  m_PrefabAsset: {fileID: 0}
--- !u!114 &4764859548553288291 stripped
MonoBehaviour:
  m_CorrespondingSourceObject: {fileID: 2437605066446163437, guid: 0bac09782e9bffa438a1137a736ebe17,
    type: 3}
  m_PrefabInstance: {fileID: 7202437122103629710}
  m_PrefabAsset: {fileID: 0}
  m_GameObject: {fileID: 0}
  m_Enabled: 1
  m_EditorHideFlags: 0
  m_Script: {fileID: 11500000, guid: 6a5fcf0f908a2b0479d45362284782b1, type: 3}
  m_Name: 
  m_EditorClassIdentifier: 
--- !u!1001 &7228638744704798620
PrefabInstance:
  m_ObjectHideFlags: 0
  serializedVersion: 2
  m_Modification:
    m_TransformParent: {fileID: 6785155689215246727}
    m_Modifications:
    - target: {fileID: 1469825720698012463, guid: 0bac09782e9bffa438a1137a736ebe17,
        type: 3}
      propertyPath: m_Name
      value: E1 (7)
      objectReference: {fileID: 0}
    - target: {fileID: 2437605066446163437, guid: 0bac09782e9bffa438a1137a736ebe17,
        type: 3}
      propertyPath: serializationData.Prefab
      value: 
      objectReference: {fileID: 2437605066446163437, guid: 0bac09782e9bffa438a1137a736ebe17,
        type: 3}
    - target: {fileID: 6854778085556326652, guid: 0bac09782e9bffa438a1137a736ebe17,
        type: 3}
      propertyPath: m_LocalPosition.x
      value: -1.91
      objectReference: {fileID: 0}
    - target: {fileID: 6854778085556326652, guid: 0bac09782e9bffa438a1137a736ebe17,
        type: 3}
      propertyPath: m_LocalPosition.y
      value: 1.52
      objectReference: {fileID: 0}
    - target: {fileID: 6854778085556326652, guid: 0bac09782e9bffa438a1137a736ebe17,
        type: 3}
      propertyPath: m_LocalPosition.z
      value: 0
      objectReference: {fileID: 0}
    - target: {fileID: 6854778085556326652, guid: 0bac09782e9bffa438a1137a736ebe17,
        type: 3}
      propertyPath: m_LocalRotation.x
      value: -0
      objectReference: {fileID: 0}
    - target: {fileID: 6854778085556326652, guid: 0bac09782e9bffa438a1137a736ebe17,
        type: 3}
      propertyPath: m_LocalRotation.y
      value: -0
      objectReference: {fileID: 0}
    - target: {fileID: 6854778085556326652, guid: 0bac09782e9bffa438a1137a736ebe17,
        type: 3}
      propertyPath: m_LocalRotation.z
      value: -0
      objectReference: {fileID: 0}
    - target: {fileID: 6854778085556326652, guid: 0bac09782e9bffa438a1137a736ebe17,
        type: 3}
      propertyPath: m_LocalRotation.w
      value: 1
      objectReference: {fileID: 0}
    - target: {fileID: 6854778085556326652, guid: 0bac09782e9bffa438a1137a736ebe17,
        type: 3}
      propertyPath: m_RootOrder
      value: 7
      objectReference: {fileID: 0}
    - target: {fileID: 6854778085556326652, guid: 0bac09782e9bffa438a1137a736ebe17,
        type: 3}
      propertyPath: m_LocalEulerAnglesHint.x
      value: 0
      objectReference: {fileID: 0}
    - target: {fileID: 6854778085556326652, guid: 0bac09782e9bffa438a1137a736ebe17,
        type: 3}
      propertyPath: m_LocalEulerAnglesHint.y
      value: 0
      objectReference: {fileID: 0}
    - target: {fileID: 6854778085556326652, guid: 0bac09782e9bffa438a1137a736ebe17,
        type: 3}
      propertyPath: m_LocalEulerAnglesHint.z
      value: 0
      objectReference: {fileID: 0}
    m_RemovedComponents: []
  m_SourcePrefab: {fileID: 100100000, guid: 0bac09782e9bffa438a1137a736ebe17, type: 3}
--- !u!114 &5009502825310716529 stripped
MonoBehaviour:
  m_CorrespondingSourceObject: {fileID: 2437605066446163437, guid: 0bac09782e9bffa438a1137a736ebe17,
    type: 3}
  m_PrefabInstance: {fileID: 7228638744704798620}
  m_PrefabAsset: {fileID: 0}
  m_GameObject: {fileID: 0}
  m_Enabled: 1
  m_EditorHideFlags: 0
  m_Script: {fileID: 11500000, guid: 6a5fcf0f908a2b0479d45362284782b1, type: 3}
  m_Name: 
  m_EditorClassIdentifier: 
--- !u!4 &4283021078147030880 stripped
Transform:
  m_CorrespondingSourceObject: {fileID: 6854778085556326652, guid: 0bac09782e9bffa438a1137a736ebe17,
    type: 3}
  m_PrefabInstance: {fileID: 7228638744704798620}
  m_PrefabAsset: {fileID: 0}
--- !u!1001 &9175486496495453684
PrefabInstance:
  m_ObjectHideFlags: 0
  serializedVersion: 2
  m_Modification:
    m_TransformParent: {fileID: 6785155689215246727}
    m_Modifications:
    - target: {fileID: 1469825720698012463, guid: 0bac09782e9bffa438a1137a736ebe17,
        type: 3}
      propertyPath: m_Name
      value: E1 (15)
      objectReference: {fileID: 0}
    - target: {fileID: 2437605066446163437, guid: 0bac09782e9bffa438a1137a736ebe17,
        type: 3}
      propertyPath: serializationData.Prefab
      value: 
      objectReference: {fileID: 2437605066446163437, guid: 0bac09782e9bffa438a1137a736ebe17,
        type: 3}
    - target: {fileID: 6854778085556326652, guid: 0bac09782e9bffa438a1137a736ebe17,
        type: 3}
      propertyPath: m_LocalPosition.x
      value: -1.09
      objectReference: {fileID: 0}
    - target: {fileID: 6854778085556326652, guid: 0bac09782e9bffa438a1137a736ebe17,
        type: 3}
      propertyPath: m_LocalPosition.y
      value: 7.62
      objectReference: {fileID: 0}
    - target: {fileID: 6854778085556326652, guid: 0bac09782e9bffa438a1137a736ebe17,
        type: 3}
      propertyPath: m_LocalPosition.z
      value: 0
      objectReference: {fileID: 0}
    - target: {fileID: 6854778085556326652, guid: 0bac09782e9bffa438a1137a736ebe17,
        type: 3}
      propertyPath: m_LocalRotation.x
      value: -0
      objectReference: {fileID: 0}
    - target: {fileID: 6854778085556326652, guid: 0bac09782e9bffa438a1137a736ebe17,
        type: 3}
      propertyPath: m_LocalRotation.y
      value: -0
      objectReference: {fileID: 0}
    - target: {fileID: 6854778085556326652, guid: 0bac09782e9bffa438a1137a736ebe17,
        type: 3}
      propertyPath: m_LocalRotation.z
      value: -0
      objectReference: {fileID: 0}
    - target: {fileID: 6854778085556326652, guid: 0bac09782e9bffa438a1137a736ebe17,
        type: 3}
      propertyPath: m_LocalRotation.w
      value: 1
      objectReference: {fileID: 0}
    - target: {fileID: 6854778085556326652, guid: 0bac09782e9bffa438a1137a736ebe17,
        type: 3}
      propertyPath: m_RootOrder
      value: 14
      objectReference: {fileID: 0}
    - target: {fileID: 6854778085556326652, guid: 0bac09782e9bffa438a1137a736ebe17,
        type: 3}
      propertyPath: m_LocalEulerAnglesHint.x
      value: 0
      objectReference: {fileID: 0}
    - target: {fileID: 6854778085556326652, guid: 0bac09782e9bffa438a1137a736ebe17,
        type: 3}
      propertyPath: m_LocalEulerAnglesHint.y
      value: 0
      objectReference: {fileID: 0}
    - target: {fileID: 6854778085556326652, guid: 0bac09782e9bffa438a1137a736ebe17,
        type: 3}
      propertyPath: m_LocalEulerAnglesHint.z
      value: 0
      objectReference: {fileID: 0}
    m_RemovedComponents: []
  m_SourcePrefab: {fileID: 100100000, guid: 0bac09782e9bffa438a1137a736ebe17, type: 3}
--- !u!4 &2338758002501670152 stripped
Transform:
  m_CorrespondingSourceObject: {fileID: 6854778085556326652, guid: 0bac09782e9bffa438a1137a736ebe17,
    type: 3}
  m_PrefabInstance: {fileID: 9175486496495453684}
  m_PrefabAsset: {fileID: 0}
--- !u!114 &6810002005763164185 stripped
MonoBehaviour:
  m_CorrespondingSourceObject: {fileID: 2437605066446163437, guid: 0bac09782e9bffa438a1137a736ebe17,
    type: 3}
  m_PrefabInstance: {fileID: 9175486496495453684}
  m_PrefabAsset: {fileID: 0}
  m_GameObject: {fileID: 0}
  m_Enabled: 1
  m_EditorHideFlags: 0
  m_Script: {fileID: 11500000, guid: 6a5fcf0f908a2b0479d45362284782b1, type: 3}
  m_Name: 
  m_EditorClassIdentifier: 
