%YAML 1.1
%TAG !u! tag:unity3d.com,2011:
--- !u!1 &524761814729691391
GameObject:
  m_ObjectHideFlags: 0
  m_CorrespondingSourceObject: {fileID: 0}
  m_PrefabInstance: {fileID: 0}
  m_PrefabAsset: {fileID: 0}
  serializedVersion: 6
  m_Component:
  - component: {fileID: 8183337520147597575}
  - component: {fileID: 5236292516175011150}
  - component: {fileID: 2251200007053914795}
  m_Layer: 0
  m_Name: WallL
  m_TagString: Untagged
  m_Icon: {fileID: 0}
  m_NavMeshLayer: 0
  m_StaticEditorFlags: 4294967295
  m_IsActive: 1
--- !u!4 &8183337520147597575
Transform:
  m_ObjectHideFlags: 0
  m_CorrespondingSourceObject: {fileID: 0}
  m_PrefabInstance: {fileID: 0}
  m_PrefabAsset: {fileID: 0}
  m_GameObject: {fileID: 524761814729691391}
  m_LocalRotation: {x: 0, y: 0, z: 0, w: 1}
  m_LocalPosition: {x: -3, y: 5, z: 0}
  m_LocalScale: {x: 0.19999999, y: 0.19999999, z: 1}
  m_Children: []
  m_Father: {fileID: 1572806065659056756}
  m_RootOrder: 3
  m_LocalEulerAnglesHint: {x: 0, y: 0, z: 0}
--- !u!212 &5236292516175011150
SpriteRenderer:
  m_ObjectHideFlags: 0
  m_CorrespondingSourceObject: {fileID: 0}
  m_PrefabInstance: {fileID: 0}
  m_PrefabAsset: {fileID: 0}
  m_GameObject: {fileID: 524761814729691391}
  m_Enabled: 1
  m_CastShadows: 0
  m_ReceiveShadows: 0
  m_DynamicOccludee: 1
  m_StaticShadowCaster: 0
  m_MotionVectors: 1
  m_LightProbeUsage: 1
  m_ReflectionProbeUsage: 1
  m_RayTracingMode: 0
  m_RayTraceProcedural: 0
  m_RenderingLayerMask: 1
  m_RendererPriority: 0
  m_Materials:
  - {fileID: 10754, guid: 0000000000000000f000000000000000, type: 0}
  m_StaticBatchInfo:
    firstSubMesh: 0
    subMeshCount: 0
  m_StaticBatchRoot: {fileID: 0}
  m_ProbeAnchor: {fileID: 0}
  m_LightProbeVolumeOverride: {fileID: 0}
  m_ScaleInLightmap: 1
  m_ReceiveGI: 1
  m_PreserveUVs: 0
  m_IgnoreNormalsForChartDetection: 0
  m_ImportantGI: 0
  m_StitchLightmapSeams: 1
  m_SelectedEditorRenderState: 0
  m_MinimumChartSize: 4
  m_AutoUVMaxDistance: 0.5
  m_AutoUVMaxAngle: 89
  m_LightmapParameters: {fileID: 0}
  m_SortingLayerID: 0
  m_SortingLayer: 0
  m_SortingOrder: 0
  m_Sprite: {fileID: 21300000, guid: 1b65e849fb771214fa2540d446627260, type: 3}
  m_Color: {r: 1, g: 1, b: 1, a: 1}
  m_FlipX: 0
  m_FlipY: 0
  m_DrawMode: 2
  m_Size: {x: 5, y: 50}
  m_AdaptiveModeThreshold: 0.5
  m_SpriteTileMode: 1
  m_WasSpriteAssigned: 1
  m_MaskInteraction: 0
  m_SpriteSortPoint: 0
--- !u!61 &2251200007053914795
BoxCollider2D:
  m_ObjectHideFlags: 0
  m_CorrespondingSourceObject: {fileID: 0}
  m_PrefabInstance: {fileID: 0}
  m_PrefabAsset: {fileID: 0}
  m_GameObject: {fileID: 524761814729691391}
  m_Enabled: 1
  m_Density: 1
  m_Material: {fileID: 6200000, guid: 4c213b7a65cbf734cb6d0cd55b61ca49, type: 2}
  m_IsTrigger: 0
  m_UsedByEffector: 0
  m_UsedByComposite: 0
  m_Offset: {x: 0, y: 0}
  m_SpriteTilingProperty:
    border: {x: 0, y: 0, z: 0, w: 0}
    pivot: {x: 0.5, y: 0.5}
    oldSize: {x: 5.12, y: 5.12}
    newSize: {x: 5, y: 50}
    adaptiveTilingThreshold: 0.5
    drawMode: 2
    adaptiveTiling: 1
  m_AutoTiling: 0
  serializedVersion: 2
  m_Size: {x: 4.5, y: 50}
  m_EdgeRadius: 0
--- !u!1 &842094332032293089
GameObject:
  m_ObjectHideFlags: 0
  m_CorrespondingSourceObject: {fileID: 0}
  m_PrefabInstance: {fileID: 0}
  m_PrefabAsset: {fileID: 0}
  serializedVersion: 6
  m_Component:
  - component: {fileID: 6205970339683518460}
  - component: {fileID: 6478761590688404507}
  - component: {fileID: 7769294004648338586}
  m_Layer: 0
  m_Name: WallR
  m_TagString: Untagged
  m_Icon: {fileID: 0}
  m_NavMeshLayer: 0
  m_StaticEditorFlags: 4294967295
  m_IsActive: 1
--- !u!4 &6205970339683518460
Transform:
  m_ObjectHideFlags: 0
  m_CorrespondingSourceObject: {fileID: 0}
  m_PrefabInstance: {fileID: 0}
  m_PrefabAsset: {fileID: 0}
  m_GameObject: {fileID: 842094332032293089}
  m_LocalRotation: {x: 0, y: 0, z: 0, w: 1}
  m_LocalPosition: {x: 3, y: 5, z: 0}
  m_LocalScale: {x: 0.19999999, y: 0.19999999, z: 1}
  m_Children: []
  m_Father: {fileID: 1572806065659056756}
  m_RootOrder: 4
  m_LocalEulerAnglesHint: {x: 0, y: 0, z: 0}
--- !u!212 &6478761590688404507
SpriteRenderer:
  m_ObjectHideFlags: 0
  m_CorrespondingSourceObject: {fileID: 0}
  m_PrefabInstance: {fileID: 0}
  m_PrefabAsset: {fileID: 0}
  m_GameObject: {fileID: 842094332032293089}
  m_Enabled: 1
  m_CastShadows: 0
  m_ReceiveShadows: 0
  m_DynamicOccludee: 1
  m_StaticShadowCaster: 0
  m_MotionVectors: 1
  m_LightProbeUsage: 1
  m_ReflectionProbeUsage: 1
  m_RayTracingMode: 0
  m_RayTraceProcedural: 0
  m_RenderingLayerMask: 1
  m_RendererPriority: 0
  m_Materials:
  - {fileID: 10754, guid: 0000000000000000f000000000000000, type: 0}
  m_StaticBatchInfo:
    firstSubMesh: 0
    subMeshCount: 0
  m_StaticBatchRoot: {fileID: 0}
  m_ProbeAnchor: {fileID: 0}
  m_LightProbeVolumeOverride: {fileID: 0}
  m_ScaleInLightmap: 1
  m_ReceiveGI: 1
  m_PreserveUVs: 0
  m_IgnoreNormalsForChartDetection: 0
  m_ImportantGI: 0
  m_StitchLightmapSeams: 1
  m_SelectedEditorRenderState: 0
  m_MinimumChartSize: 4
  m_AutoUVMaxDistance: 0.5
  m_AutoUVMaxAngle: 89
  m_LightmapParameters: {fileID: 0}
  m_SortingLayerID: 0
  m_SortingLayer: 0
  m_SortingOrder: 0
  m_Sprite: {fileID: 21300000, guid: 1b65e849fb771214fa2540d446627260, type: 3}
  m_Color: {r: 1, g: 1, b: 1, a: 1}
  m_FlipX: 1
  m_FlipY: 0
  m_DrawMode: 2
  m_Size: {x: 5, y: 50}
  m_AdaptiveModeThreshold: 0.5
  m_SpriteTileMode: 1
  m_WasSpriteAssigned: 1
  m_MaskInteraction: 0
  m_SpriteSortPoint: 0
--- !u!61 &7769294004648338586
BoxCollider2D:
  m_ObjectHideFlags: 0
  m_CorrespondingSourceObject: {fileID: 0}
  m_PrefabInstance: {fileID: 0}
  m_PrefabAsset: {fileID: 0}
  m_GameObject: {fileID: 842094332032293089}
  m_Enabled: 1
  m_Density: 1
  m_Material: {fileID: 6200000, guid: 4c213b7a65cbf734cb6d0cd55b61ca49, type: 2}
  m_IsTrigger: 0
  m_UsedByEffector: 0
  m_UsedByComposite: 0
  m_Offset: {x: 0, y: 0}
  m_SpriteTilingProperty:
    border: {x: 0, y: 0, z: 0, w: 0}
    pivot: {x: 0.5, y: 0.5}
    oldSize: {x: 5.12, y: 5.12}
    newSize: {x: 5, y: 50}
    adaptiveTilingThreshold: 0.5
    drawMode: 2
    adaptiveTiling: 1
  m_AutoTiling: 0
  serializedVersion: 2
  m_Size: {x: 4.5, y: 50}
  m_EdgeRadius: 0
--- !u!1 &1572806065659056758
GameObject:
  m_ObjectHideFlags: 0
  m_CorrespondingSourceObject: {fileID: 0}
  m_PrefabInstance: {fileID: 0}
  m_PrefabAsset: {fileID: 0}
  serializedVersion: 6
  m_Component:
  - component: {fileID: 1572806065659056756}
  - component: {fileID: 1572806065659056759}
  m_Layer: 0
  m_Name: Chunk1_0
  m_TagString: Untagged
  m_Icon: {fileID: 3306451490063965843, guid: 0000000000000000d000000000000000, type: 0}
  m_NavMeshLayer: 0
  m_StaticEditorFlags: 4294967295
  m_IsActive: 1
--- !u!4 &1572806065659056756
Transform:
  m_ObjectHideFlags: 0
  m_CorrespondingSourceObject: {fileID: 0}
  m_PrefabInstance: {fileID: 0}
  m_PrefabAsset: {fileID: 0}
  m_GameObject: {fileID: 1572806065659056758}
  m_LocalRotation: {x: 0, y: 0, z: 0, w: 1}
  m_LocalPosition: {x: -10.51, y: 0, z: 0}
  m_LocalScale: {x: 1, y: 1, z: 1}
  m_Children:
  - {fileID: 5400566443291182556}
  - {fileID: 5400566443589036261}
  - {fileID: 5400566445057604220}
  - {fileID: 8183337520147597575}
  - {fileID: 6205970339683518460}
  - {fileID: 8287409728521146319}
  - {fileID: 6901469001717271040}
  - {fileID: 403977014596517782}
  - {fileID: 7263056817872186163}
  m_Father: {fileID: 0}
  m_RootOrder: 0
  m_LocalEulerAnglesHint: {x: 0, y: 0, z: 0}
--- !u!114 &1572806065659056759
MonoBehaviour:
  m_ObjectHideFlags: 0
  m_CorrespondingSourceObject: {fileID: 0}
  m_PrefabInstance: {fileID: 0}
  m_PrefabAsset: {fileID: 0}
  m_GameObject: {fileID: 1572806065659056758}
  m_Enabled: 1
  m_EditorHideFlags: 0
  m_Script: {fileID: 11500000, guid: d128b2c464601b04e828cb97cf100cc3, type: 3}
  m_Name: 
  m_EditorClassIdentifier: 
  serializationData:
    SerializedFormat: 2
    SerializedBytes: 
    ReferencedUnityObjects: []
    SerializedBytesString: 
    Prefab: {fileID: 0}
    PrefabModificationsReferencedUnityObjects: []
    PrefabModifications: []
    SerializationNodes: []
  IsSpecial: 1
  CanBeSymetric: 1
  Size: {x: 5, y: 10, z: 0}
  SubObjects:
  - {fileID: 3749147924022745293}
  - {fileID: 3749147924656043508}
  - {fileID: 3749147923322873709}
  - {fileID: 1060807806968476873}
  - {fileID: 7806981354269130533}
  - {fileID: 2392534830424954641}
  - {fileID: 8894110399577875079}
  - {fileID: 1891092983642650146}
  MinSpawnableLevel: 2
--- !u!114 &7806981354269130533
MonoBehaviour:
  m_ObjectHideFlags: 0
  m_CorrespondingSourceObject: {fileID: 0}
  m_PrefabInstance: {fileID: 0}
  m_PrefabAsset: {fileID: 0}
  m_GameObject: {fileID: 4054934905553493020}
  m_Enabled: 1
  m_EditorHideFlags: 0
  m_Script: {fileID: 11500000, guid: 8c78a91af9ab65143986ae1f575dbcbc, type: 3}
  m_Name: 
  m_EditorClassIdentifier: 
  serializationData:
    SerializedFormat: 2
    SerializedBytes: 
    ReferencedUnityObjects: []
    SerializedBytesString: 
    Prefab: {fileID: 0}
    PrefabModificationsReferencedUnityObjects: []
    PrefabModifications: []
    SerializationNodes: []
  ScoreValue: 10
  HitClip: {fileID: 0}
  ShieldedSeconds: 5
--- !u!1001 &65268264624577276
PrefabInstance:
  m_ObjectHideFlags: 0
  serializedVersion: 2
  m_Modification:
    m_TransformParent: {fileID: 1572806065659056756}
    m_Modifications:
    - target: {fileID: 1469825720698012463, guid: 0bac09782e9bffa438a1137a736ebe17,
        type: 3}
      propertyPath: m_Name
      value: E1 (3)
      objectReference: {fileID: 0}
    - target: {fileID: 2437605066446163437, guid: 0bac09782e9bffa438a1137a736ebe17,
        type: 3}
      propertyPath: serializationData.Prefab
      value: 
      objectReference: {fileID: 2437605066446163437, guid: 0bac09782e9bffa438a1137a736ebe17,
        type: 3}
    - target: {fileID: 6854778085556326652, guid: 0bac09782e9bffa438a1137a736ebe17,
        type: 3}
      propertyPath: m_RootOrder
      value: 6
      objectReference: {fileID: 0}
    - target: {fileID: 6854778085556326652, guid: 0bac09782e9bffa438a1137a736ebe17,
        type: 3}
      propertyPath: m_LocalPosition.x
      value: 1.66
      objectReference: {fileID: 0}
    - target: {fileID: 6854778085556326652, guid: 0bac09782e9bffa438a1137a736ebe17,
        type: 3}
      propertyPath: m_LocalPosition.y
      value: 0.92
      objectReference: {fileID: 0}
    - target: {fileID: 6854778085556326652, guid: 0bac09782e9bffa438a1137a736ebe17,
        type: 3}
      propertyPath: m_LocalPosition.z
      value: 0
      objectReference: {fileID: 0}
    - target: {fileID: 6854778085556326652, guid: 0bac09782e9bffa438a1137a736ebe17,
        type: 3}
      propertyPath: m_LocalRotation.w
      value: 1
      objectReference: {fileID: 0}
    - target: {fileID: 6854778085556326652, guid: 0bac09782e9bffa438a1137a736ebe17,
        type: 3}
      propertyPath: m_LocalRotation.x
      value: -0
      objectReference: {fileID: 0}
    - target: {fileID: 6854778085556326652, guid: 0bac09782e9bffa438a1137a736ebe17,
        type: 3}
      propertyPath: m_LocalRotation.y
      value: -0
      objectReference: {fileID: 0}
    - target: {fileID: 6854778085556326652, guid: 0bac09782e9bffa438a1137a736ebe17,
        type: 3}
      propertyPath: m_LocalRotation.z
      value: -0
      objectReference: {fileID: 0}
    - target: {fileID: 6854778085556326652, guid: 0bac09782e9bffa438a1137a736ebe17,
        type: 3}
      propertyPath: m_LocalEulerAnglesHint.x
      value: 0
      objectReference: {fileID: 0}
    - target: {fileID: 6854778085556326652, guid: 0bac09782e9bffa438a1137a736ebe17,
        type: 3}
      propertyPath: m_LocalEulerAnglesHint.y
      value: 0
      objectReference: {fileID: 0}
    - target: {fileID: 6854778085556326652, guid: 0bac09782e9bffa438a1137a736ebe17,
        type: 3}
      propertyPath: m_LocalEulerAnglesHint.z
      value: 0
      objectReference: {fileID: 0}
    m_RemovedComponents: []
  m_SourcePrefab: {fileID: 100100000, guid: 0bac09782e9bffa438a1137a736ebe17, type: 3}
--- !u!4 &6901469001717271040 stripped
Transform:
  m_CorrespondingSourceObject: {fileID: 6854778085556326652, guid: 0bac09782e9bffa438a1137a736ebe17,
    type: 3}
  m_PrefabInstance: {fileID: 65268264624577276}
  m_PrefabAsset: {fileID: 0}
--- !u!114 &2392534830424954641 stripped
MonoBehaviour:
  m_CorrespondingSourceObject: {fileID: 2437605066446163437, guid: 0bac09782e9bffa438a1137a736ebe17,
    type: 3}
  m_PrefabInstance: {fileID: 65268264624577276}
  m_PrefabAsset: {fileID: 0}
  m_GameObject: {fileID: 0}
  m_Enabled: 1
  m_EditorHideFlags: 0
  m_Script: {fileID: 11500000, guid: 6a5fcf0f908a2b0479d45362284782b1, type: 3}
  m_Name: 
  m_EditorClassIdentifier: 
--- !u!1001 &1572806066196638336
PrefabInstance:
  m_ObjectHideFlags: 0
  serializedVersion: 2
  m_Modification:
    m_TransformParent: {fileID: 1572806065659056756}
    m_Modifications:
    - target: {fileID: 1469825720698012463, guid: 0bac09782e9bffa438a1137a736ebe17,
        type: 3}
      propertyPath: m_Name
      value: E1
      objectReference: {fileID: 0}
    - target: {fileID: 2437605066446163437, guid: 0bac09782e9bffa438a1137a736ebe17,
        type: 3}
      propertyPath: serializationData.Prefab
      value: 
      objectReference: {fileID: 2437605066446163437, guid: 0bac09782e9bffa438a1137a736ebe17,
        type: 3}
    - target: {fileID: 6854778085556326652, guid: 0bac09782e9bffa438a1137a736ebe17,
        type: 3}
      propertyPath: m_RootOrder
      value: 2
      objectReference: {fileID: 0}
    - target: {fileID: 6854778085556326652, guid: 0bac09782e9bffa438a1137a736ebe17,
        type: 3}
      propertyPath: m_LocalPosition.x
      value: -1.3599997
      objectReference: {fileID: 0}
    - target: {fileID: 6854778085556326652, guid: 0bac09782e9bffa438a1137a736ebe17,
        type: 3}
      propertyPath: m_LocalPosition.y
      value: 8.27
      objectReference: {fileID: 0}
    - target: {fileID: 6854778085556326652, guid: 0bac09782e9bffa438a1137a736ebe17,
        type: 3}
      propertyPath: m_LocalPosition.z
      value: 0
      objectReference: {fileID: 0}
    - target: {fileID: 6854778085556326652, guid: 0bac09782e9bffa438a1137a736ebe17,
        type: 3}
      propertyPath: m_LocalRotation.w
      value: 1
      objectReference: {fileID: 0}
    - target: {fileID: 6854778085556326652, guid: 0bac09782e9bffa438a1137a736ebe17,
        type: 3}
      propertyPath: m_LocalRotation.x
      value: -0
      objectReference: {fileID: 0}
    - target: {fileID: 6854778085556326652, guid: 0bac09782e9bffa438a1137a736ebe17,
        type: 3}
      propertyPath: m_LocalRotation.y
      value: -0
      objectReference: {fileID: 0}
    - target: {fileID: 6854778085556326652, guid: 0bac09782e9bffa438a1137a736ebe17,
        type: 3}
      propertyPath: m_LocalRotation.z
      value: -0
      objectReference: {fileID: 0}
    - target: {fileID: 6854778085556326652, guid: 0bac09782e9bffa438a1137a736ebe17,
        type: 3}
      propertyPath: m_LocalEulerAnglesHint.x
      value: 0
      objectReference: {fileID: 0}
    - target: {fileID: 6854778085556326652, guid: 0bac09782e9bffa438a1137a736ebe17,
        type: 3}
      propertyPath: m_LocalEulerAnglesHint.y
      value: 0
      objectReference: {fileID: 0}
    - target: {fileID: 6854778085556326652, guid: 0bac09782e9bffa438a1137a736ebe17,
        type: 3}
      propertyPath: m_LocalEulerAnglesHint.z
      value: 0
      objectReference: {fileID: 0}
    m_RemovedComponents: []
  m_SourcePrefab: {fileID: 100100000, guid: 0bac09782e9bffa438a1137a736ebe17, type: 3}
--- !u!4 &5400566445057604220 stripped
Transform:
  m_CorrespondingSourceObject: {fileID: 6854778085556326652, guid: 0bac09782e9bffa438a1137a736ebe17,
    type: 3}
  m_PrefabInstance: {fileID: 1572806066196638336}
  m_PrefabAsset: {fileID: 0}
--- !u!114 &3749147923322873709 stripped
MonoBehaviour:
  m_CorrespondingSourceObject: {fileID: 2437605066446163437, guid: 0bac09782e9bffa438a1137a736ebe17,
    type: 3}
  m_PrefabInstance: {fileID: 1572806066196638336}
  m_PrefabAsset: {fileID: 0}
  m_GameObject: {fileID: 0}
  m_Enabled: 1
  m_EditorHideFlags: 0
  m_Script: {fileID: 11500000, guid: 6a5fcf0f908a2b0479d45362284782b1, type: 3}
  m_Name: 
  m_EditorClassIdentifier: 
--- !u!1001 &1572806066628171040
PrefabInstance:
  m_ObjectHideFlags: 0
  serializedVersion: 2
  m_Modification:
    m_TransformParent: {fileID: 1572806065659056756}
    m_Modifications:
    - target: {fileID: 1469825720698012463, guid: 0bac09782e9bffa438a1137a736ebe17,
        type: 3}
      propertyPath: m_Name
      value: E1 (2)
      objectReference: {fileID: 0}
    - target: {fileID: 2437605066446163437, guid: 0bac09782e9bffa438a1137a736ebe17,
        type: 3}
      propertyPath: serializationData.Prefab
      value: 
      objectReference: {fileID: 2437605066446163437, guid: 0bac09782e9bffa438a1137a736ebe17,
        type: 3}
    - target: {fileID: 6854778085556326652, guid: 0bac09782e9bffa438a1137a736ebe17,
        type: 3}
      propertyPath: m_RootOrder
      value: 0
      objectReference: {fileID: 0}
    - target: {fileID: 6854778085556326652, guid: 0bac09782e9bffa438a1137a736ebe17,
        type: 3}
      propertyPath: m_LocalPosition.x
      value: -0.6300001
      objectReference: {fileID: 0}
    - target: {fileID: 6854778085556326652, guid: 0bac09782e9bffa438a1137a736ebe17,
        type: 3}
      propertyPath: m_LocalPosition.y
      value: 1.83
      objectReference: {fileID: 0}
    - target: {fileID: 6854778085556326652, guid: 0bac09782e9bffa438a1137a736ebe17,
        type: 3}
      propertyPath: m_LocalPosition.z
      value: 0
      objectReference: {fileID: 0}
    - target: {fileID: 6854778085556326652, guid: 0bac09782e9bffa438a1137a736ebe17,
        type: 3}
      propertyPath: m_LocalRotation.w
      value: 1
      objectReference: {fileID: 0}
    - target: {fileID: 6854778085556326652, guid: 0bac09782e9bffa438a1137a736ebe17,
        type: 3}
      propertyPath: m_LocalRotation.x
      value: -0
      objectReference: {fileID: 0}
    - target: {fileID: 6854778085556326652, guid: 0bac09782e9bffa438a1137a736ebe17,
        type: 3}
      propertyPath: m_LocalRotation.y
      value: -0
      objectReference: {fileID: 0}
    - target: {fileID: 6854778085556326652, guid: 0bac09782e9bffa438a1137a736ebe17,
        type: 3}
      propertyPath: m_LocalRotation.z
      value: -0
      objectReference: {fileID: 0}
    - target: {fileID: 6854778085556326652, guid: 0bac09782e9bffa438a1137a736ebe17,
        type: 3}
      propertyPath: m_LocalEulerAnglesHint.x
      value: 0
      objectReference: {fileID: 0}
    - target: {fileID: 6854778085556326652, guid: 0bac09782e9bffa438a1137a736ebe17,
        type: 3}
      propertyPath: m_LocalEulerAnglesHint.y
      value: 0
      objectReference: {fileID: 0}
    - target: {fileID: 6854778085556326652, guid: 0bac09782e9bffa438a1137a736ebe17,
        type: 3}
      propertyPath: m_LocalEulerAnglesHint.z
      value: 0
      objectReference: {fileID: 0}
    m_RemovedComponents: []
  m_SourcePrefab: {fileID: 100100000, guid: 0bac09782e9bffa438a1137a736ebe17, type: 3}
--- !u!4 &5400566443291182556 stripped
Transform:
  m_CorrespondingSourceObject: {fileID: 6854778085556326652, guid: 0bac09782e9bffa438a1137a736ebe17,
    type: 3}
  m_PrefabInstance: {fileID: 1572806066628171040}
  m_PrefabAsset: {fileID: 0}
--- !u!114 &3749147924022745293 stripped
MonoBehaviour:
  m_CorrespondingSourceObject: {fileID: 2437605066446163437, guid: 0bac09782e9bffa438a1137a736ebe17,
    type: 3}
  m_PrefabInstance: {fileID: 1572806066628171040}
  m_PrefabAsset: {fileID: 0}
  m_GameObject: {fileID: 0}
  m_Enabled: 1
  m_EditorHideFlags: 0
  m_Script: {fileID: 11500000, guid: 6a5fcf0f908a2b0479d45362284782b1, type: 3}
  m_Name: 
  m_EditorClassIdentifier: 
--- !u!1001 &1572806066993068057
PrefabInstance:
  m_ObjectHideFlags: 0
  serializedVersion: 2
  m_Modification:
    m_TransformParent: {fileID: 1572806065659056756}
    m_Modifications:
    - target: {fileID: 1469825720698012463, guid: 0bac09782e9bffa438a1137a736ebe17,
        type: 3}
      propertyPath: m_Name
      value: E1 (1)
      objectReference: {fileID: 0}
    - target: {fileID: 2437605066446163437, guid: 0bac09782e9bffa438a1137a736ebe17,
        type: 3}
      propertyPath: serializationData.Prefab
      value: 
      objectReference: {fileID: 2437605066446163437, guid: 0bac09782e9bffa438a1137a736ebe17,
        type: 3}
    - target: {fileID: 6854778085556326652, guid: 0bac09782e9bffa438a1137a736ebe17,
        type: 3}
      propertyPath: m_RootOrder
      value: 1
      objectReference: {fileID: 0}
    - target: {fileID: 6854778085556326652, guid: 0bac09782e9bffa438a1137a736ebe17,
        type: 3}
      propertyPath: m_LocalPosition.x
      value: 1.6900005
      objectReference: {fileID: 0}
    - target: {fileID: 6854778085556326652, guid: 0bac09782e9bffa438a1137a736ebe17,
        type: 3}
      propertyPath: m_LocalPosition.y
      value: 5.12
      objectReference: {fileID: 0}
    - target: {fileID: 6854778085556326652, guid: 0bac09782e9bffa438a1137a736ebe17,
        type: 3}
      propertyPath: m_LocalPosition.z
      value: 0
      objectReference: {fileID: 0}
    - target: {fileID: 6854778085556326652, guid: 0bac09782e9bffa438a1137a736ebe17,
        type: 3}
      propertyPath: m_LocalRotation.w
      value: 1
      objectReference: {fileID: 0}
    - target: {fileID: 6854778085556326652, guid: 0bac09782e9bffa438a1137a736ebe17,
        type: 3}
      propertyPath: m_LocalRotation.x
      value: -0
      objectReference: {fileID: 0}
    - target: {fileID: 6854778085556326652, guid: 0bac09782e9bffa438a1137a736ebe17,
        type: 3}
      propertyPath: m_LocalRotation.y
      value: -0
      objectReference: {fileID: 0}
    - target: {fileID: 6854778085556326652, guid: 0bac09782e9bffa438a1137a736ebe17,
        type: 3}
      propertyPath: m_LocalRotation.z
      value: -0
      objectReference: {fileID: 0}
    - target: {fileID: 6854778085556326652, guid: 0bac09782e9bffa438a1137a736ebe17,
        type: 3}
      propertyPath: m_LocalEulerAnglesHint.x
      value: 0
      objectReference: {fileID: 0}
    - target: {fileID: 6854778085556326652, guid: 0bac09782e9bffa438a1137a736ebe17,
        type: 3}
      propertyPath: m_LocalEulerAnglesHint.y
      value: 0
      objectReference: {fileID: 0}
    - target: {fileID: 6854778085556326652, guid: 0bac09782e9bffa438a1137a736ebe17,
        type: 3}
      propertyPath: m_LocalEulerAnglesHint.z
      value: 0
      objectReference: {fileID: 0}
    m_RemovedComponents: []
  m_SourcePrefab: {fileID: 100100000, guid: 0bac09782e9bffa438a1137a736ebe17, type: 3}
--- !u!4 &5400566443589036261 stripped
Transform:
  m_CorrespondingSourceObject: {fileID: 6854778085556326652, guid: 0bac09782e9bffa438a1137a736ebe17,
    type: 3}
  m_PrefabInstance: {fileID: 1572806066993068057}
  m_PrefabAsset: {fileID: 0}
--- !u!114 &3749147924656043508 stripped
MonoBehaviour:
  m_CorrespondingSourceObject: {fileID: 2437605066446163437, guid: 0bac09782e9bffa438a1137a736ebe17,
    type: 3}
  m_PrefabInstance: {fileID: 1572806066993068057}
  m_PrefabAsset: {fileID: 0}
  m_GameObject: {fileID: 0}
  m_Enabled: 1
  m_EditorHideFlags: 0
  m_Script: {fileID: 11500000, guid: 6a5fcf0f908a2b0479d45362284782b1, type: 3}
  m_Name: 
  m_EditorClassIdentifier: 
--- !u!1001 &3955021465957635610
PrefabInstance:
  m_ObjectHideFlags: 0
  serializedVersion: 2
  m_Modification:
    m_TransformParent: {fileID: 1572806065659056756}
    m_Modifications:
    - target: {fileID: 1055261514378381830, guid: 8e137a9754a2943468d803f756fb6159,
        type: 3}
      propertyPath: m_Name
      value: E8
      objectReference: {fileID: 0}
    - target: {fileID: 4061033028420510419, guid: 8e137a9754a2943468d803f756fb6159,
        type: 3}
      propertyPath: serializationData.Prefab
      value: 
      objectReference: {fileID: 4061033028420510419, guid: 8e137a9754a2943468d803f756fb6159,
        type: 3}
    - target: {fileID: 5035521554955213269, guid: 8e137a9754a2943468d803f756fb6159,
        type: 3}
      propertyPath: m_RootOrder
      value: 5
      objectReference: {fileID: 0}
    - target: {fileID: 5035521554955213269, guid: 8e137a9754a2943468d803f756fb6159,
        type: 3}
      propertyPath: m_LocalPosition.x
      value: 0.01
      objectReference: {fileID: 0}
    - target: {fileID: 5035521554955213269, guid: 8e137a9754a2943468d803f756fb6159,
        type: 3}
      propertyPath: m_LocalPosition.y
      value: 5.16
      objectReference: {fileID: 0}
    - target: {fileID: 5035521554955213269, guid: 8e137a9754a2943468d803f756fb6159,
        type: 3}
      propertyPath: m_LocalPosition.z
      value: 0
      objectReference: {fileID: 0}
    - target: {fileID: 5035521554955213269, guid: 8e137a9754a2943468d803f756fb6159,
        type: 3}
      propertyPath: m_LocalRotation.w
      value: 1
      objectReference: {fileID: 0}
    - target: {fileID: 5035521554955213269, guid: 8e137a9754a2943468d803f756fb6159,
        type: 3}
      propertyPath: m_LocalRotation.x
      value: 0
      objectReference: {fileID: 0}
    - target: {fileID: 5035521554955213269, guid: 8e137a9754a2943468d803f756fb6159,
        type: 3}
      propertyPath: m_LocalRotation.y
      value: 0
      objectReference: {fileID: 0}
    - target: {fileID: 5035521554955213269, guid: 8e137a9754a2943468d803f756fb6159,
        type: 3}
      propertyPath: m_LocalRotation.z
      value: 0
      objectReference: {fileID: 0}
    - target: {fileID: 5035521554955213269, guid: 8e137a9754a2943468d803f756fb6159,
        type: 3}
      propertyPath: m_LocalEulerAnglesHint.x
      value: 0
      objectReference: {fileID: 0}
    - target: {fileID: 5035521554955213269, guid: 8e137a9754a2943468d803f756fb6159,
        type: 3}
      propertyPath: m_LocalEulerAnglesHint.y
      value: 0
      objectReference: {fileID: 0}
    - target: {fileID: 5035521554955213269, guid: 8e137a9754a2943468d803f756fb6159,
        type: 3}
      propertyPath: m_LocalEulerAnglesHint.z
      value: 0
      objectReference: {fileID: 0}
    - target: {fileID: 5078367020928983550, guid: 8e137a9754a2943468d803f756fb6159,
        type: 3}
      propertyPath: serializationData.Prefab
      value: 
      objectReference: {fileID: 5078367020928983550, guid: 8e137a9754a2943468d803f756fb6159,
        type: 3}
    - target: {fileID: 8862706288365551794, guid: 8e137a9754a2943468d803f756fb6159,
        type: 3}
      propertyPath: serializationData.Prefab
      value: 
      objectReference: {fileID: 8862706288365551794, guid: 8e137a9754a2943468d803f756fb6159,
        type: 3}
    m_RemovedComponents: []
  m_SourcePrefab: {fileID: 100100000, guid: 8e137a9754a2943468d803f756fb6159, type: 3}
--- !u!114 &1060807806968476873 stripped
MonoBehaviour:
  m_CorrespondingSourceObject: {fileID: 4061033028420510419, guid: 8e137a9754a2943468d803f756fb6159,
    type: 3}
  m_PrefabInstance: {fileID: 3955021465957635610}
  m_PrefabAsset: {fileID: 0}
  m_GameObject: {fileID: 4054934905553493020}
  m_Enabled: 1
  m_EditorHideFlags: 0
  m_Script: {fileID: 11500000, guid: 8c78a91af9ab65143986ae1f575dbcbc, type: 3}
  m_Name: 
  m_EditorClassIdentifier: 
--- !u!1 &4054934905553493020 stripped
GameObject:
  m_CorrespondingSourceObject: {fileID: 1055261514378381830, guid: 8e137a9754a2943468d803f756fb6159,
    type: 3}
  m_PrefabInstance: {fileID: 3955021465957635610}
  m_PrefabAsset: {fileID: 0}
--- !u!4 &8287409728521146319 stripped
Transform:
  m_CorrespondingSourceObject: {fileID: 5035521554955213269, guid: 8e137a9754a2943468d803f756fb6159,
    type: 3}
  m_PrefabInstance: {fileID: 3955021465957635610}
  m_PrefabAsset: {fileID: 0}
--- !u!1001 &4317439011828775887
PrefabInstance:
  m_ObjectHideFlags: 0
  serializedVersion: 2
  m_Modification:
    m_TransformParent: {fileID: 1572806065659056756}
    m_Modifications:
    - target: {fileID: 1469825720698012463, guid: 0bac09782e9bffa438a1137a736ebe17,
        type: 3}
      propertyPath: m_Name
      value: E1 (5)
      objectReference: {fileID: 0}
    - target: {fileID: 2437605066446163437, guid: 0bac09782e9bffa438a1137a736ebe17,
        type: 3}
      propertyPath: serializationData.Prefab
      value: 
      objectReference: {fileID: 2437605066446163437, guid: 0bac09782e9bffa438a1137a736ebe17,
        type: 3}
    - target: {fileID: 6854778085556326652, guid: 0bac09782e9bffa438a1137a736ebe17,
        type: 3}
      propertyPath: m_RootOrder
      value: 8
      objectReference: {fileID: 0}
    - target: {fileID: 6854778085556326652, guid: 0bac09782e9bffa438a1137a736ebe17,
        type: 3}
      propertyPath: m_LocalPosition.x
      value: -1.97
      objectReference: {fileID: 0}
    - target: {fileID: 6854778085556326652, guid: 0bac09782e9bffa438a1137a736ebe17,
        type: 3}
      propertyPath: m_LocalPosition.y
      value: 4.78
      objectReference: {fileID: 0}
    - target: {fileID: 6854778085556326652, guid: 0bac09782e9bffa438a1137a736ebe17,
        type: 3}
      propertyPath: m_LocalPosition.z
      value: 0
      objectReference: {fileID: 0}
    - target: {fileID: 6854778085556326652, guid: 0bac09782e9bffa438a1137a736ebe17,
        type: 3}
      propertyPath: m_LocalRotation.w
      value: 1
      objectReference: {fileID: 0}
    - target: {fileID: 6854778085556326652, guid: 0bac09782e9bffa438a1137a736ebe17,
        type: 3}
      propertyPath: m_LocalRotation.x
      value: -0
      objectReference: {fileID: 0}
    - target: {fileID: 6854778085556326652, guid: 0bac09782e9bffa438a1137a736ebe17,
        type: 3}
      propertyPath: m_LocalRotation.y
      value: -0
      objectReference: {fileID: 0}
    - target: {fileID: 6854778085556326652, guid: 0bac09782e9bffa438a1137a736ebe17,
        type: 3}
      propertyPath: m_LocalRotation.z
      value: -0
      objectReference: {fileID: 0}
    - target: {fileID: 6854778085556326652, guid: 0bac09782e9bffa438a1137a736ebe17,
        type: 3}
      propertyPath: m_LocalEulerAnglesHint.x
      value: 0
      objectReference: {fileID: 0}
    - target: {fileID: 6854778085556326652, guid: 0bac09782e9bffa438a1137a736ebe17,
        type: 3}
      propertyPath: m_LocalEulerAnglesHint.y
      value: 0
      objectReference: {fileID: 0}
    - target: {fileID: 6854778085556326652, guid: 0bac09782e9bffa438a1137a736ebe17,
        type: 3}
      propertyPath: m_LocalEulerAnglesHint.z
      value: 0
      objectReference: {fileID: 0}
    m_RemovedComponents: []
  m_SourcePrefab: {fileID: 100100000, guid: 0bac09782e9bffa438a1137a736ebe17, type: 3}
--- !u!4 &7263056817872186163 stripped
Transform:
  m_CorrespondingSourceObject: {fileID: 6854778085556326652, guid: 0bac09782e9bffa438a1137a736ebe17,
    type: 3}
  m_PrefabInstance: {fileID: 4317439011828775887}
  m_PrefabAsset: {fileID: 0}
--- !u!114 &1891092983642650146 stripped
MonoBehaviour:
  m_CorrespondingSourceObject: {fileID: 2437605066446163437, guid: 0bac09782e9bffa438a1137a736ebe17,
    type: 3}
  m_PrefabInstance: {fileID: 4317439011828775887}
  m_PrefabAsset: {fileID: 0}
  m_GameObject: {fileID: 0}
  m_Enabled: 1
  m_EditorHideFlags: 0
  m_Script: {fileID: 11500000, guid: 6a5fcf0f908a2b0479d45362284782b1, type: 3}
  m_Name: 
  m_EditorClassIdentifier: 
--- !u!1001 &6537580336099176298
PrefabInstance:
  m_ObjectHideFlags: 0
  serializedVersion: 2
  m_Modification:
    m_TransformParent: {fileID: 1572806065659056756}
    m_Modifications:
    - target: {fileID: 1469825720698012463, guid: 0bac09782e9bffa438a1137a736ebe17,
        type: 3}
      propertyPath: m_Name
      value: E1 (4)
      objectReference: {fileID: 0}
    - target: {fileID: 2437605066446163437, guid: 0bac09782e9bffa438a1137a736ebe17,
        type: 3}
      propertyPath: serializationData.Prefab
      value: 
      objectReference: {fileID: 2437605066446163437, guid: 0bac09782e9bffa438a1137a736ebe17,
        type: 3}
    - target: {fileID: 6854778085556326652, guid: 0bac09782e9bffa438a1137a736ebe17,
        type: 3}
      propertyPath: m_RootOrder
      value: 7
      objectReference: {fileID: 0}
    - target: {fileID: 6854778085556326652, guid: 0bac09782e9bffa438a1137a736ebe17,
        type: 3}
      propertyPath: m_LocalPosition.x
      value: 1.27
      objectReference: {fileID: 0}
    - target: {fileID: 6854778085556326652, guid: 0bac09782e9bffa438a1137a736ebe17,
        type: 3}
      propertyPath: m_LocalPosition.y
      value: 9.04
      objectReference: {fileID: 0}
    - target: {fileID: 6854778085556326652, guid: 0bac09782e9bffa438a1137a736ebe17,
        type: 3}
      propertyPath: m_LocalPosition.z
      value: 0
      objectReference: {fileID: 0}
    - target: {fileID: 6854778085556326652, guid: 0bac09782e9bffa438a1137a736ebe17,
        type: 3}
      propertyPath: m_LocalRotation.w
      value: 1
      objectReference: {fileID: 0}
    - target: {fileID: 6854778085556326652, guid: 0bac09782e9bffa438a1137a736ebe17,
        type: 3}
      propertyPath: m_LocalRotation.x
      value: -0
      objectReference: {fileID: 0}
    - target: {fileID: 6854778085556326652, guid: 0bac09782e9bffa438a1137a736ebe17,
        type: 3}
      propertyPath: m_LocalRotation.y
      value: -0
      objectReference: {fileID: 0}
    - target: {fileID: 6854778085556326652, guid: 0bac09782e9bffa438a1137a736ebe17,
        type: 3}
      propertyPath: m_LocalRotation.z
      value: -0
      objectReference: {fileID: 0}
    - target: {fileID: 6854778085556326652, guid: 0bac09782e9bffa438a1137a736ebe17,
        type: 3}
      propertyPath: m_LocalEulerAnglesHint.x
      value: 0
      objectReference: {fileID: 0}
    - target: {fileID: 6854778085556326652, guid: 0bac09782e9bffa438a1137a736ebe17,
        type: 3}
      propertyPath: m_LocalEulerAnglesHint.y
      value: 0
      objectReference: {fileID: 0}
    - target: {fileID: 6854778085556326652, guid: 0bac09782e9bffa438a1137a736ebe17,
        type: 3}
      propertyPath: m_LocalEulerAnglesHint.z
      value: 0
      objectReference: {fileID: 0}
    m_RemovedComponents: []
  m_SourcePrefab: {fileID: 100100000, guid: 0bac09782e9bffa438a1137a736ebe17, type: 3}
--- !u!114 &8894110399577875079 stripped
MonoBehaviour:
  m_CorrespondingSourceObject: {fileID: 2437605066446163437, guid: 0bac09782e9bffa438a1137a736ebe17,
    type: 3}
  m_PrefabInstance: {fileID: 6537580336099176298}
  m_PrefabAsset: {fileID: 0}
  m_GameObject: {fileID: 0}
  m_Enabled: 1
  m_EditorHideFlags: 0
  m_Script: {fileID: 11500000, guid: 6a5fcf0f908a2b0479d45362284782b1, type: 3}
  m_Name: 
  m_EditorClassIdentifier: 
--- !u!4 &403977014596517782 stripped
Transform:
  m_CorrespondingSourceObject: {fileID: 6854778085556326652, guid: 0bac09782e9bffa438a1137a736ebe17,
    type: 3}
  m_PrefabInstance: {fileID: 6537580336099176298}
  m_PrefabAsset: {fileID: 0}
