%YAML 1.1
%TAG !u! tag:unity3d.com,2011:
--- !u!1 &4247200384764329804
GameObject:
  m_ObjectHideFlags: 0
  m_CorrespondingSourceObject: {fileID: 0}
  m_PrefabInstance: {fileID: 0}
  m_PrefabAsset: {fileID: 0}
  serializedVersion: 6
  m_Component:
  - component: {fileID: 4247200384764325977}
  - component: {fileID: 4247200384764324101}
  - component: {fileID: 4247200384764327121}
  m_Layer: 0
  m_Name: WallL
  m_TagString: Untagged
  m_Icon: {fileID: 0}
  m_NavMeshLayer: 0
  m_StaticEditorFlags: 4294967295
  m_IsActive: 1
--- !u!4 &4247200384764325977
Transform:
  m_ObjectHideFlags: 0
  m_CorrespondingSourceObject: {fileID: 0}
  m_PrefabInstance: {fileID: 0}
  m_PrefabAsset: {fileID: 0}
  m_GameObject: {fileID: 4247200384764329804}
  m_LocalRotation: {x: 0, y: 0, z: 0, w: 1}
  m_LocalPosition: {x: -3, y: 5, z: 0}
  m_LocalScale: {x: 0.19999999, y: 0.19999999, z: 1}
  m_Children: []
  m_Father: {fileID: 4247200384764325991}
  m_RootOrder: 3
  m_LocalEulerAnglesHint: {x: 0, y: 0, z: 0}
--- !u!212 &4247200384764324101
SpriteRenderer:
  m_ObjectHideFlags: 0
  m_CorrespondingSourceObject: {fileID: 0}
  m_PrefabInstance: {fileID: 0}
  m_PrefabAsset: {fileID: 0}
  m_GameObject: {fileID: 4247200384764329804}
  m_Enabled: 1
  m_CastShadows: 0
  m_ReceiveShadows: 0
  m_DynamicOccludee: 1
  m_MotionVectors: 1
  m_LightProbeUsage: 1
  m_ReflectionProbeUsage: 1
  m_RenderingLayerMask: 1
  m_RendererPriority: 0
  m_Materials:
  - {fileID: 10754, guid: 0000000000000000f000000000000000, type: 0}
  m_StaticBatchInfo:
    firstSubMesh: 0
    subMeshCount: 0
  m_StaticBatchRoot: {fileID: 0}
  m_ProbeAnchor: {fileID: 0}
  m_LightProbeVolumeOverride: {fileID: 0}
  m_ScaleInLightmap: 1
  m_PreserveUVs: 0
  m_IgnoreNormalsForChartDetection: 0
  m_ImportantGI: 0
  m_StitchLightmapSeams: 1
  m_SelectedEditorRenderState: 0
  m_MinimumChartSize: 4
  m_AutoUVMaxDistance: 0.5
  m_AutoUVMaxAngle: 89
  m_LightmapParameters: {fileID: 0}
  m_SortingLayerID: 0
  m_SortingLayer: 0
  m_SortingOrder: 0
  m_Sprite: {fileID: 21300000, guid: 1b65e849fb771214fa2540d446627260, type: 3}
  m_Color: {r: 1, g: 1, b: 1, a: 1}
  m_FlipX: 0
  m_FlipY: 0
  m_DrawMode: 2
  m_Size: {x: 5, y: 50}
  m_AdaptiveModeThreshold: 0.5
  m_SpriteTileMode: 1
  m_WasSpriteAssigned: 1
  m_MaskInteraction: 0
  m_SpriteSortPoint: 0
--- !u!61 &4247200384764327121
BoxCollider2D:
  m_ObjectHideFlags: 0
  m_CorrespondingSourceObject: {fileID: 0}
  m_PrefabInstance: {fileID: 0}
  m_PrefabAsset: {fileID: 0}
  m_GameObject: {fileID: 4247200384764329804}
  m_Enabled: 1
  m_Density: 1
  m_Material: {fileID: 6200000, guid: 4c213b7a65cbf734cb6d0cd55b61ca49, type: 2}
  m_IsTrigger: 0
  m_UsedByEffector: 0
  m_UsedByComposite: 0
  m_Offset: {x: 0, y: 0}
  m_SpriteTilingProperty:
    border: {x: 0, y: 0, z: 0, w: 0}
    pivot: {x: 0.5, y: 0.5}
    oldSize: {x: 5.12, y: 5.12}
    newSize: {x: 5, y: 50}
    adaptiveTilingThreshold: 0.5
    drawMode: 2
    adaptiveTiling: 1
  m_AutoTiling: 0
  serializedVersion: 2
  m_Size: {x: 4.5, y: 50}
  m_EdgeRadius: 0
--- !u!1 &4247200384764329805
GameObject:
  m_ObjectHideFlags: 0
  m_CorrespondingSourceObject: {fileID: 0}
  m_PrefabInstance: {fileID: 0}
  m_PrefabAsset: {fileID: 0}
  serializedVersion: 6
  m_Component:
  - component: {fileID: 4247200384764325976}
  - component: {fileID: 4247200384764324102}
  - component: {fileID: 4247200384764327122}
  m_Layer: 0
  m_Name: WallR
  m_TagString: Untagged
  m_Icon: {fileID: 0}
  m_NavMeshLayer: 0
  m_StaticEditorFlags: 4294967295
  m_IsActive: 1
--- !u!4 &4247200384764325976
Transform:
  m_ObjectHideFlags: 0
  m_CorrespondingSourceObject: {fileID: 0}
  m_PrefabInstance: {fileID: 0}
  m_PrefabAsset: {fileID: 0}
  m_GameObject: {fileID: 4247200384764329805}
  m_LocalRotation: {x: 0, y: 0, z: 0, w: 1}
  m_LocalPosition: {x: 3, y: 5, z: 0}
  m_LocalScale: {x: 0.19999999, y: 0.19999999, z: 1}
  m_Children: []
  m_Father: {fileID: 4247200384764325991}
  m_RootOrder: 4
  m_LocalEulerAnglesHint: {x: 0, y: 0, z: 0}
--- !u!212 &4247200384764324102
SpriteRenderer:
  m_ObjectHideFlags: 0
  m_CorrespondingSourceObject: {fileID: 0}
  m_PrefabInstance: {fileID: 0}
  m_PrefabAsset: {fileID: 0}
  m_GameObject: {fileID: 4247200384764329805}
  m_Enabled: 1
  m_CastShadows: 0
  m_ReceiveShadows: 0
  m_DynamicOccludee: 1
  m_MotionVectors: 1
  m_LightProbeUsage: 1
  m_ReflectionProbeUsage: 1
  m_RenderingLayerMask: 1
  m_RendererPriority: 0
  m_Materials:
  - {fileID: 10754, guid: 0000000000000000f000000000000000, type: 0}
  m_StaticBatchInfo:
    firstSubMesh: 0
    subMeshCount: 0
  m_StaticBatchRoot: {fileID: 0}
  m_ProbeAnchor: {fileID: 0}
  m_LightProbeVolumeOverride: {fileID: 0}
  m_ScaleInLightmap: 1
  m_PreserveUVs: 0
  m_IgnoreNormalsForChartDetection: 0
  m_ImportantGI: 0
  m_StitchLightmapSeams: 1
  m_SelectedEditorRenderState: 0
  m_MinimumChartSize: 4
  m_AutoUVMaxDistance: 0.5
  m_AutoUVMaxAngle: 89
  m_LightmapParameters: {fileID: 0}
  m_SortingLayerID: 0
  m_SortingLayer: 0
  m_SortingOrder: 0
  m_Sprite: {fileID: 21300000, guid: 1b65e849fb771214fa2540d446627260, type: 3}
  m_Color: {r: 1, g: 1, b: 1, a: 1}
  m_FlipX: 1
  m_FlipY: 0
  m_DrawMode: 2
  m_Size: {x: 5, y: 50}
  m_AdaptiveModeThreshold: 0.5
  m_SpriteTileMode: 1
  m_WasSpriteAssigned: 1
  m_MaskInteraction: 0
  m_SpriteSortPoint: 0
--- !u!61 &4247200384764327122
BoxCollider2D:
  m_ObjectHideFlags: 0
  m_CorrespondingSourceObject: {fileID: 0}
  m_PrefabInstance: {fileID: 0}
  m_PrefabAsset: {fileID: 0}
  m_GameObject: {fileID: 4247200384764329805}
  m_Enabled: 1
  m_Density: 1
  m_Material: {fileID: 6200000, guid: 4c213b7a65cbf734cb6d0cd55b61ca49, type: 2}
  m_IsTrigger: 0
  m_UsedByEffector: 0
  m_UsedByComposite: 0
  m_Offset: {x: 0, y: 0}
  m_SpriteTilingProperty:
    border: {x: 0, y: 0, z: 0, w: 0}
    pivot: {x: 0.5, y: 0.5}
    oldSize: {x: 5.12, y: 5.12}
    newSize: {x: 5, y: 50}
    adaptiveTilingThreshold: 0.5
    drawMode: 2
    adaptiveTiling: 1
  m_AutoTiling: 0
  serializedVersion: 2
  m_Size: {x: 4.5, y: 50}
  m_EdgeRadius: 0
--- !u!1 &4247200384764329806
GameObject:
  m_ObjectHideFlags: 0
  m_CorrespondingSourceObject: {fileID: 0}
  m_PrefabInstance: {fileID: 0}
  m_PrefabAsset: {fileID: 0}
  serializedVersion: 6
  m_Component:
  - component: {fileID: 4247200384764325991}
  - component: {fileID: 4247200384764325158}
  m_Layer: 0
  m_Name: Chunk1_16
  m_TagString: Untagged
  m_Icon: {fileID: 3306451490063965843, guid: 0000000000000000d000000000000000, type: 0}
  m_NavMeshLayer: 0
  m_StaticEditorFlags: 4294967295
  m_IsActive: 1
--- !u!4 &4247200384764325991
Transform:
  m_ObjectHideFlags: 0
  m_CorrespondingSourceObject: {fileID: 0}
  m_PrefabInstance: {fileID: 0}
  m_PrefabAsset: {fileID: 0}
  m_GameObject: {fileID: 4247200384764329806}
  m_LocalRotation: {x: 0, y: 0, z: 0, w: 1}
  m_LocalPosition: {x: -22.650002, y: 56.95, z: 0}
  m_LocalScale: {x: 1, y: 1, z: 1}
  m_Children:
  - {fileID: 152642628874706470}
  - {fileID: 152642629717750559}
  - {fileID: 152642630598123910}
  - {fileID: 4247200384764325977}
  - {fileID: 4247200384764325976}
  - {fileID: 1459577410691252451}
  - {fileID: 6534317063551357104}
  - {fileID: 5391937527947396389}
  - {fileID: 2337996473635748692}
  - {fileID: 1211664934700655891}
  - {fileID: 2001212469404351490}
  m_Father: {fileID: 0}
  m_RootOrder: 0
  m_LocalEulerAnglesHint: {x: 0, y: 0, z: 0}
--- !u!114 &4247200384764325158
MonoBehaviour:
  m_ObjectHideFlags: 0
  m_CorrespondingSourceObject: {fileID: 0}
  m_PrefabInstance: {fileID: 0}
  m_PrefabAsset: {fileID: 0}
  m_GameObject: {fileID: 4247200384764329806}
  m_Enabled: 1
  m_EditorHideFlags: 0
  m_Script: {fileID: 11500000, guid: d128b2c464601b04e828cb97cf100cc3, type: 3}
  m_Name: 
  m_EditorClassIdentifier: 
  serializationData:
    SerializedFormat: 2
    SerializedBytes: 
    ReferencedUnityObjects: []
    SerializedBytesString: 
    Prefab: {fileID: 0}
    PrefabModificationsReferencedUnityObjects: []
    PrefabModifications: []
    SerializationNodes: []
  CanBeSymetric: 1
  Size: {x: 5, y: 10, z: 0}
  SubObjects:
  - {fileID: 9001366435148612407}
  - {fileID: 9001366435253497358}
  - {fileID: 9001366434506423447}
  - {fileID: 7688903876886339058}
  - {fileID: 2619830557193817505}
  - {fileID: 2745097568993803497}
  - {fileID: 6811474373190116933}
  - {fileID: 7936959289244121090}
  - {fileID: 7291521989589426451}
  MinSpawnableLevel: 0
--- !u!1001 &400713604643881036
PrefabInstance:
  m_ObjectHideFlags: 0
  serializedVersion: 2
  m_Modification:
    m_TransformParent: {fileID: 4247200384764325991}
    m_Modifications:
    - target: {fileID: 1469825720698012463, guid: 0bac09782e9bffa438a1137a736ebe17,
        type: 3}
      propertyPath: m_Name
      value: E1 (4)
      objectReference: {fileID: 0}
    - target: {fileID: 2437605066446163437, guid: 0bac09782e9bffa438a1137a736ebe17,
        type: 3}
      propertyPath: serializationData.Prefab
      value: 
      objectReference: {fileID: 2437605066446163437, guid: 0bac09782e9bffa438a1137a736ebe17,
        type: 3}
    - target: {fileID: 6854778085556326652, guid: 0bac09782e9bffa438a1137a736ebe17,
        type: 3}
      propertyPath: m_LocalPosition.x
      value: -1.73
      objectReference: {fileID: 0}
    - target: {fileID: 6854778085556326652, guid: 0bac09782e9bffa438a1137a736ebe17,
        type: 3}
      propertyPath: m_LocalPosition.y
      value: 4.02
      objectReference: {fileID: 0}
    - target: {fileID: 6854778085556326652, guid: 0bac09782e9bffa438a1137a736ebe17,
        type: 3}
      propertyPath: m_LocalPosition.z
      value: 0
      objectReference: {fileID: 0}
    - target: {fileID: 6854778085556326652, guid: 0bac09782e9bffa438a1137a736ebe17,
        type: 3}
      propertyPath: m_LocalRotation.x
      value: -0
      objectReference: {fileID: 0}
    - target: {fileID: 6854778085556326652, guid: 0bac09782e9bffa438a1137a736ebe17,
        type: 3}
      propertyPath: m_LocalRotation.y
      value: -0
      objectReference: {fileID: 0}
    - target: {fileID: 6854778085556326652, guid: 0bac09782e9bffa438a1137a736ebe17,
        type: 3}
      propertyPath: m_LocalRotation.z
      value: -0
      objectReference: {fileID: 0}
    - target: {fileID: 6854778085556326652, guid: 0bac09782e9bffa438a1137a736ebe17,
        type: 3}
      propertyPath: m_LocalRotation.w
      value: 1
      objectReference: {fileID: 0}
    - target: {fileID: 6854778085556326652, guid: 0bac09782e9bffa438a1137a736ebe17,
        type: 3}
      propertyPath: m_RootOrder
      value: 6
      objectReference: {fileID: 0}
    - target: {fileID: 6854778085556326652, guid: 0bac09782e9bffa438a1137a736ebe17,
        type: 3}
      propertyPath: m_LocalEulerAnglesHint.x
      value: 0
      objectReference: {fileID: 0}
    - target: {fileID: 6854778085556326652, guid: 0bac09782e9bffa438a1137a736ebe17,
        type: 3}
      propertyPath: m_LocalEulerAnglesHint.y
      value: 0
      objectReference: {fileID: 0}
    - target: {fileID: 6854778085556326652, guid: 0bac09782e9bffa438a1137a736ebe17,
        type: 3}
      propertyPath: m_LocalEulerAnglesHint.z
      value: 0
      objectReference: {fileID: 0}
    m_RemovedComponents: []
  m_SourcePrefab: {fileID: 100100000, guid: 0bac09782e9bffa438a1137a736ebe17, type: 3}
--- !u!114 &2619830557193817505 stripped
MonoBehaviour:
  m_CorrespondingSourceObject: {fileID: 2437605066446163437, guid: 0bac09782e9bffa438a1137a736ebe17,
    type: 3}
  m_PrefabInstance: {fileID: 400713604643881036}
  m_PrefabAsset: {fileID: 0}
  m_GameObject: {fileID: 0}
  m_Enabled: 1
  m_EditorHideFlags: 0
  m_Script: {fileID: 11500000, guid: 6a5fcf0f908a2b0479d45362284782b1, type: 3}
  m_Name: 
  m_EditorClassIdentifier: 
--- !u!4 &6534317063551357104 stripped
Transform:
  m_CorrespondingSourceObject: {fileID: 6854778085556326652, guid: 0bac09782e9bffa438a1137a736ebe17,
    type: 3}
  m_PrefabInstance: {fileID: 400713604643881036}
  m_PrefabAsset: {fileID: 0}
--- !u!1001 &2680601033726749519
PrefabInstance:
  m_ObjectHideFlags: 0
  serializedVersion: 2
  m_Modification:
    m_TransformParent: {fileID: 4247200384764325991}
    m_Modifications:
    - target: {fileID: 2640134128555752889, guid: d965e597012b0e14e8e5d96f9cc6ccbc,
        type: 3}
      propertyPath: m_Name
      value: E10
      objectReference: {fileID: 0}
    - target: {fileID: 228526628181514150, guid: d965e597012b0e14e8e5d96f9cc6ccbc,
        type: 3}
      propertyPath: serializationData.Prefab
      value: 
      objectReference: {fileID: 228526628181514150, guid: d965e597012b0e14e8e5d96f9cc6ccbc,
        type: 3}
    - target: {fileID: 8063531224569015914, guid: d965e597012b0e14e8e5d96f9cc6ccbc,
        type: 3}
      propertyPath: m_LocalPosition.x
      value: 0
      objectReference: {fileID: 0}
    - target: {fileID: 8063531224569015914, guid: d965e597012b0e14e8e5d96f9cc6ccbc,
        type: 3}
      propertyPath: m_LocalPosition.y
      value: 3.22
      objectReference: {fileID: 0}
    - target: {fileID: 8063531224569015914, guid: d965e597012b0e14e8e5d96f9cc6ccbc,
        type: 3}
      propertyPath: m_LocalPosition.z
      value: 0
      objectReference: {fileID: 0}
    - target: {fileID: 8063531224569015914, guid: d965e597012b0e14e8e5d96f9cc6ccbc,
        type: 3}
      propertyPath: m_LocalRotation.x
      value: 0
      objectReference: {fileID: 0}
    - target: {fileID: 8063531224569015914, guid: d965e597012b0e14e8e5d96f9cc6ccbc,
        type: 3}
      propertyPath: m_LocalRotation.y
      value: 0
      objectReference: {fileID: 0}
    - target: {fileID: 8063531224569015914, guid: d965e597012b0e14e8e5d96f9cc6ccbc,
        type: 3}
      propertyPath: m_LocalRotation.z
      value: 0
      objectReference: {fileID: 0}
    - target: {fileID: 8063531224569015914, guid: d965e597012b0e14e8e5d96f9cc6ccbc,
        type: 3}
      propertyPath: m_LocalRotation.w
      value: 1
      objectReference: {fileID: 0}
    - target: {fileID: 8063531224569015914, guid: d965e597012b0e14e8e5d96f9cc6ccbc,
        type: 3}
      propertyPath: m_RootOrder
      value: 7
      objectReference: {fileID: 0}
    - target: {fileID: 8063531224569015914, guid: d965e597012b0e14e8e5d96f9cc6ccbc,
        type: 3}
      propertyPath: m_LocalEulerAnglesHint.x
      value: 0
      objectReference: {fileID: 0}
    - target: {fileID: 8063531224569015914, guid: d965e597012b0e14e8e5d96f9cc6ccbc,
        type: 3}
      propertyPath: m_LocalEulerAnglesHint.y
      value: 0
      objectReference: {fileID: 0}
    - target: {fileID: 8063531224569015914, guid: d965e597012b0e14e8e5d96f9cc6ccbc,
        type: 3}
      propertyPath: m_LocalEulerAnglesHint.z
      value: 0
      objectReference: {fileID: 0}
    m_RemovedComponents: []
  m_SourcePrefab: {fileID: 100100000, guid: d965e597012b0e14e8e5d96f9cc6ccbc, type: 3}
--- !u!4 &5391937527947396389 stripped
Transform:
  m_CorrespondingSourceObject: {fileID: 8063531224569015914, guid: d965e597012b0e14e8e5d96f9cc6ccbc,
    type: 3}
  m_PrefabInstance: {fileID: 2680601033726749519}
  m_PrefabAsset: {fileID: 0}
--- !u!114 &2745097568993803497 stripped
MonoBehaviour:
  m_CorrespondingSourceObject: {fileID: 228526628181514150, guid: d965e597012b0e14e8e5d96f9cc6ccbc,
    type: 3}
  m_PrefabInstance: {fileID: 2680601033726749519}
  m_PrefabAsset: {fileID: 0}
  m_GameObject: {fileID: 0}
  m_Enabled: 1
  m_EditorHideFlags: 0
  m_Script: {fileID: 11500000, guid: ed4a5499cb0e678479950aca72661a48, type: 3}
  m_Name: 
  m_EditorClassIdentifier: 
--- !u!1001 &4964282331760831742
PrefabInstance:
  m_ObjectHideFlags: 0
  serializedVersion: 2
  m_Modification:
    m_TransformParent: {fileID: 4247200384764325991}
    m_Modifications:
    - target: {fileID: 1469825720698012463, guid: 0bac09782e9bffa438a1137a736ebe17,
        type: 3}
      propertyPath: m_Name
      value: E1 (7)
      objectReference: {fileID: 0}
    - target: {fileID: 2437605066446163437, guid: 0bac09782e9bffa438a1137a736ebe17,
        type: 3}
      propertyPath: serializationData.Prefab
      value: 
      objectReference: {fileID: 2437605066446163437, guid: 0bac09782e9bffa438a1137a736ebe17,
        type: 3}
    - target: {fileID: 6854778085556326652, guid: 0bac09782e9bffa438a1137a736ebe17,
        type: 3}
      propertyPath: m_LocalPosition.x
      value: 1.56
      objectReference: {fileID: 0}
    - target: {fileID: 6854778085556326652, guid: 0bac09782e9bffa438a1137a736ebe17,
        type: 3}
      propertyPath: m_LocalPosition.y
      value: 8.17
      objectReference: {fileID: 0}
    - target: {fileID: 6854778085556326652, guid: 0bac09782e9bffa438a1137a736ebe17,
        type: 3}
      propertyPath: m_LocalPosition.z
      value: 0
      objectReference: {fileID: 0}
    - target: {fileID: 6854778085556326652, guid: 0bac09782e9bffa438a1137a736ebe17,
        type: 3}
      propertyPath: m_LocalRotation.x
      value: -0
      objectReference: {fileID: 0}
    - target: {fileID: 6854778085556326652, guid: 0bac09782e9bffa438a1137a736ebe17,
        type: 3}
      propertyPath: m_LocalRotation.y
      value: -0
      objectReference: {fileID: 0}
    - target: {fileID: 6854778085556326652, guid: 0bac09782e9bffa438a1137a736ebe17,
        type: 3}
      propertyPath: m_LocalRotation.z
      value: -0
      objectReference: {fileID: 0}
    - target: {fileID: 6854778085556326652, guid: 0bac09782e9bffa438a1137a736ebe17,
        type: 3}
      propertyPath: m_LocalRotation.w
      value: 1
      objectReference: {fileID: 0}
    - target: {fileID: 6854778085556326652, guid: 0bac09782e9bffa438a1137a736ebe17,
        type: 3}
      propertyPath: m_RootOrder
      value: 10
      objectReference: {fileID: 0}
    - target: {fileID: 6854778085556326652, guid: 0bac09782e9bffa438a1137a736ebe17,
        type: 3}
      propertyPath: m_LocalEulerAnglesHint.x
      value: 0
      objectReference: {fileID: 0}
    - target: {fileID: 6854778085556326652, guid: 0bac09782e9bffa438a1137a736ebe17,
        type: 3}
      propertyPath: m_LocalEulerAnglesHint.y
      value: 0
      objectReference: {fileID: 0}
    - target: {fileID: 6854778085556326652, guid: 0bac09782e9bffa438a1137a736ebe17,
        type: 3}
      propertyPath: m_LocalEulerAnglesHint.z
      value: 0
      objectReference: {fileID: 0}
    m_RemovedComponents: []
  m_SourcePrefab: {fileID: 100100000, guid: 0bac09782e9bffa438a1137a736ebe17, type: 3}
--- !u!4 &2001212469404351490 stripped
Transform:
  m_CorrespondingSourceObject: {fileID: 6854778085556326652, guid: 0bac09782e9bffa438a1137a736ebe17,
    type: 3}
  m_PrefabInstance: {fileID: 4964282331760831742}
  m_PrefabAsset: {fileID: 0}
--- !u!114 &7291521989589426451 stripped
MonoBehaviour:
  m_CorrespondingSourceObject: {fileID: 2437605066446163437, guid: 0bac09782e9bffa438a1137a736ebe17,
    type: 3}
  m_PrefabInstance: {fileID: 4964282331760831742}
  m_PrefabAsset: {fileID: 0}
  m_GameObject: {fileID: 0}
  m_Enabled: 1
  m_EditorHideFlags: 0
  m_Script: {fileID: 11500000, guid: 6a5fcf0f908a2b0479d45362284782b1, type: 3}
  m_Name: 
  m_EditorClassIdentifier: 
--- !u!1001 &5431452966824988703
PrefabInstance:
  m_ObjectHideFlags: 0
  serializedVersion: 2
  m_Modification:
    m_TransformParent: {fileID: 4247200384764325991}
    m_Modifications:
    - target: {fileID: 1469825720698012463, guid: 0bac09782e9bffa438a1137a736ebe17,
        type: 3}
      propertyPath: m_Name
      value: E1 (3)
      objectReference: {fileID: 0}
    - target: {fileID: 2437605066446163437, guid: 0bac09782e9bffa438a1137a736ebe17,
        type: 3}
      propertyPath: serializationData.Prefab
      value: 
      objectReference: {fileID: 2437605066446163437, guid: 0bac09782e9bffa438a1137a736ebe17,
        type: 3}
    - target: {fileID: 6854778085556326652, guid: 0bac09782e9bffa438a1137a736ebe17,
        type: 3}
      propertyPath: m_LocalPosition.x
      value: 1.6900005
      objectReference: {fileID: 0}
    - target: {fileID: 6854778085556326652, guid: 0bac09782e9bffa438a1137a736ebe17,
        type: 3}
      propertyPath: m_LocalPosition.y
      value: 1.28
      objectReference: {fileID: 0}
    - target: {fileID: 6854778085556326652, guid: 0bac09782e9bffa438a1137a736ebe17,
        type: 3}
      propertyPath: m_LocalPosition.z
      value: 0
      objectReference: {fileID: 0}
    - target: {fileID: 6854778085556326652, guid: 0bac09782e9bffa438a1137a736ebe17,
        type: 3}
      propertyPath: m_LocalRotation.x
      value: -0
      objectReference: {fileID: 0}
    - target: {fileID: 6854778085556326652, guid: 0bac09782e9bffa438a1137a736ebe17,
        type: 3}
      propertyPath: m_LocalRotation.y
      value: -0
      objectReference: {fileID: 0}
    - target: {fileID: 6854778085556326652, guid: 0bac09782e9bffa438a1137a736ebe17,
        type: 3}
      propertyPath: m_LocalRotation.z
      value: -0
      objectReference: {fileID: 0}
    - target: {fileID: 6854778085556326652, guid: 0bac09782e9bffa438a1137a736ebe17,
        type: 3}
      propertyPath: m_LocalRotation.w
      value: 1
      objectReference: {fileID: 0}
    - target: {fileID: 6854778085556326652, guid: 0bac09782e9bffa438a1137a736ebe17,
        type: 3}
      propertyPath: m_RootOrder
      value: 5
      objectReference: {fileID: 0}
    - target: {fileID: 6854778085556326652, guid: 0bac09782e9bffa438a1137a736ebe17,
        type: 3}
      propertyPath: m_LocalEulerAnglesHint.x
      value: 0
      objectReference: {fileID: 0}
    - target: {fileID: 6854778085556326652, guid: 0bac09782e9bffa438a1137a736ebe17,
        type: 3}
      propertyPath: m_LocalEulerAnglesHint.y
      value: 0
      objectReference: {fileID: 0}
    - target: {fileID: 6854778085556326652, guid: 0bac09782e9bffa438a1137a736ebe17,
        type: 3}
      propertyPath: m_LocalEulerAnglesHint.z
      value: 0
      objectReference: {fileID: 0}
    m_RemovedComponents: []
  m_SourcePrefab: {fileID: 100100000, guid: 0bac09782e9bffa438a1137a736ebe17, type: 3}
--- !u!4 &1459577410691252451 stripped
Transform:
  m_CorrespondingSourceObject: {fileID: 6854778085556326652, guid: 0bac09782e9bffa438a1137a736ebe17,
    type: 3}
  m_PrefabInstance: {fileID: 5431452966824988703}
  m_PrefabAsset: {fileID: 0}
--- !u!114 &7688903876886339058 stripped
MonoBehaviour:
  m_CorrespondingSourceObject: {fileID: 2437605066446163437, guid: 0bac09782e9bffa438a1137a736ebe17,
    type: 3}
  m_PrefabInstance: {fileID: 5431452966824988703}
  m_PrefabAsset: {fileID: 0}
  m_GameObject: {fileID: 0}
  m_Enabled: 1
  m_EditorHideFlags: 0
  m_Script: {fileID: 11500000, guid: 6a5fcf0f908a2b0479d45362284782b1, type: 3}
  m_Name: 
  m_EditorClassIdentifier: 
--- !u!1001 &5760564135059699183
PrefabInstance:
  m_ObjectHideFlags: 0
  serializedVersion: 2
  m_Modification:
    m_TransformParent: {fileID: 4247200384764325991}
    m_Modifications:
    - target: {fileID: 1469825720698012463, guid: 0bac09782e9bffa438a1137a736ebe17,
        type: 3}
      propertyPath: m_Name
      value: E1 (6)
      objectReference: {fileID: 0}
    - target: {fileID: 2437605066446163437, guid: 0bac09782e9bffa438a1137a736ebe17,
        type: 3}
      propertyPath: serializationData.Prefab
      value: 
      objectReference: {fileID: 2437605066446163437, guid: 0bac09782e9bffa438a1137a736ebe17,
        type: 3}
    - target: {fileID: 6854778085556326652, guid: 0bac09782e9bffa438a1137a736ebe17,
        type: 3}
      propertyPath: m_LocalPosition.x
      value: -1.75
      objectReference: {fileID: 0}
    - target: {fileID: 6854778085556326652, guid: 0bac09782e9bffa438a1137a736ebe17,
        type: 3}
      propertyPath: m_LocalPosition.y
      value: 9.28
      objectReference: {fileID: 0}
    - target: {fileID: 6854778085556326652, guid: 0bac09782e9bffa438a1137a736ebe17,
        type: 3}
      propertyPath: m_LocalPosition.z
      value: 0
      objectReference: {fileID: 0}
    - target: {fileID: 6854778085556326652, guid: 0bac09782e9bffa438a1137a736ebe17,
        type: 3}
      propertyPath: m_LocalRotation.x
      value: -0
      objectReference: {fileID: 0}
    - target: {fileID: 6854778085556326652, guid: 0bac09782e9bffa438a1137a736ebe17,
        type: 3}
      propertyPath: m_LocalRotation.y
      value: -0
      objectReference: {fileID: 0}
    - target: {fileID: 6854778085556326652, guid: 0bac09782e9bffa438a1137a736ebe17,
        type: 3}
      propertyPath: m_LocalRotation.z
      value: -0
      objectReference: {fileID: 0}
    - target: {fileID: 6854778085556326652, guid: 0bac09782e9bffa438a1137a736ebe17,
        type: 3}
      propertyPath: m_LocalRotation.w
      value: 1
      objectReference: {fileID: 0}
    - target: {fileID: 6854778085556326652, guid: 0bac09782e9bffa438a1137a736ebe17,
        type: 3}
      propertyPath: m_RootOrder
      value: 9
      objectReference: {fileID: 0}
    - target: {fileID: 6854778085556326652, guid: 0bac09782e9bffa438a1137a736ebe17,
        type: 3}
      propertyPath: m_LocalEulerAnglesHint.x
      value: 0
      objectReference: {fileID: 0}
    - target: {fileID: 6854778085556326652, guid: 0bac09782e9bffa438a1137a736ebe17,
        type: 3}
      propertyPath: m_LocalEulerAnglesHint.y
      value: 0
      objectReference: {fileID: 0}
    - target: {fileID: 6854778085556326652, guid: 0bac09782e9bffa438a1137a736ebe17,
        type: 3}
      propertyPath: m_LocalEulerAnglesHint.z
      value: 0
      objectReference: {fileID: 0}
    m_RemovedComponents: []
  m_SourcePrefab: {fileID: 100100000, guid: 0bac09782e9bffa438a1137a736ebe17, type: 3}
--- !u!4 &1211664934700655891 stripped
Transform:
  m_CorrespondingSourceObject: {fileID: 6854778085556326652, guid: 0bac09782e9bffa438a1137a736ebe17,
    type: 3}
  m_PrefabInstance: {fileID: 5760564135059699183}
  m_PrefabAsset: {fileID: 0}
--- !u!114 &7936959289244121090 stripped
MonoBehaviour:
  m_CorrespondingSourceObject: {fileID: 2437605066446163437, guid: 0bac09782e9bffa438a1137a736ebe17,
    type: 3}
  m_PrefabInstance: {fileID: 5760564135059699183}
  m_PrefabAsset: {fileID: 0}
  m_GameObject: {fileID: 0}
  m_Enabled: 1
  m_EditorHideFlags: 0
  m_Script: {fileID: 11500000, guid: 6a5fcf0f908a2b0479d45362284782b1, type: 3}
  m_Name: 
  m_EditorClassIdentifier: 
--- !u!1001 &6719190256179376506
PrefabInstance:
  m_ObjectHideFlags: 0
  serializedVersion: 2
  m_Modification:
    m_TransformParent: {fileID: 4247200384764325991}
    m_Modifications:
    - target: {fileID: 1469825720698012463, guid: 0bac09782e9bffa438a1137a736ebe17,
        type: 3}
      propertyPath: m_Name
      value: E1
      objectReference: {fileID: 0}
    - target: {fileID: 2437605066446163437, guid: 0bac09782e9bffa438a1137a736ebe17,
        type: 3}
      propertyPath: serializationData.Prefab
      value: 
      objectReference: {fileID: 2437605066446163437, guid: 0bac09782e9bffa438a1137a736ebe17,
        type: 3}
    - target: {fileID: 6854778085556326652, guid: 0bac09782e9bffa438a1137a736ebe17,
        type: 3}
      propertyPath: m_LocalPosition.x
      value: -0.82
      objectReference: {fileID: 0}
    - target: {fileID: 6854778085556326652, guid: 0bac09782e9bffa438a1137a736ebe17,
        type: 3}
      propertyPath: m_LocalPosition.y
      value: 5.62
      objectReference: {fileID: 0}
    - target: {fileID: 6854778085556326652, guid: 0bac09782e9bffa438a1137a736ebe17,
        type: 3}
      propertyPath: m_LocalPosition.z
      value: 0
      objectReference: {fileID: 0}
    - target: {fileID: 6854778085556326652, guid: 0bac09782e9bffa438a1137a736ebe17,
        type: 3}
      propertyPath: m_LocalRotation.x
      value: -0
      objectReference: {fileID: 0}
    - target: {fileID: 6854778085556326652, guid: 0bac09782e9bffa438a1137a736ebe17,
        type: 3}
      propertyPath: m_LocalRotation.y
      value: -0
      objectReference: {fileID: 0}
    - target: {fileID: 6854778085556326652, guid: 0bac09782e9bffa438a1137a736ebe17,
        type: 3}
      propertyPath: m_LocalRotation.z
      value: -0
      objectReference: {fileID: 0}
    - target: {fileID: 6854778085556326652, guid: 0bac09782e9bffa438a1137a736ebe17,
        type: 3}
      propertyPath: m_LocalRotation.w
      value: 1
      objectReference: {fileID: 0}
    - target: {fileID: 6854778085556326652, guid: 0bac09782e9bffa438a1137a736ebe17,
        type: 3}
      propertyPath: m_RootOrder
      value: 2
      objectReference: {fileID: 0}
    - target: {fileID: 6854778085556326652, guid: 0bac09782e9bffa438a1137a736ebe17,
        type: 3}
      propertyPath: m_LocalEulerAnglesHint.x
      value: 0
      objectReference: {fileID: 0}
    - target: {fileID: 6854778085556326652, guid: 0bac09782e9bffa438a1137a736ebe17,
        type: 3}
      propertyPath: m_LocalEulerAnglesHint.y
      value: 0
      objectReference: {fileID: 0}
    - target: {fileID: 6854778085556326652, guid: 0bac09782e9bffa438a1137a736ebe17,
        type: 3}
      propertyPath: m_LocalEulerAnglesHint.z
      value: 0
      objectReference: {fileID: 0}
    m_RemovedComponents: []
  m_SourcePrefab: {fileID: 100100000, guid: 0bac09782e9bffa438a1137a736ebe17, type: 3}
--- !u!4 &152642630598123910 stripped
Transform:
  m_CorrespondingSourceObject: {fileID: 6854778085556326652, guid: 0bac09782e9bffa438a1137a736ebe17,
    type: 3}
  m_PrefabInstance: {fileID: 6719190256179376506}
  m_PrefabAsset: {fileID: 0}
--- !u!114 &9001366434506423447 stripped
MonoBehaviour:
  m_CorrespondingSourceObject: {fileID: 2437605066446163437, guid: 0bac09782e9bffa438a1137a736ebe17,
    type: 3}
  m_PrefabInstance: {fileID: 6719190256179376506}
  m_PrefabAsset: {fileID: 0}
  m_GameObject: {fileID: 0}
  m_Enabled: 1
  m_EditorHideFlags: 0
  m_Script: {fileID: 11500000, guid: 6a5fcf0f908a2b0479d45362284782b1, type: 3}
  m_Name: 
  m_EditorClassIdentifier: 
--- !u!1001 &6719190256553234138
PrefabInstance:
  m_ObjectHideFlags: 0
  serializedVersion: 2
  m_Modification:
    m_TransformParent: {fileID: 4247200384764325991}
    m_Modifications:
    - target: {fileID: 1469825720698012463, guid: 0bac09782e9bffa438a1137a736ebe17,
        type: 3}
      propertyPath: m_Name
      value: E1 (2)
      objectReference: {fileID: 0}
    - target: {fileID: 2437605066446163437, guid: 0bac09782e9bffa438a1137a736ebe17,
        type: 3}
      propertyPath: serializationData.Prefab
      value: 
      objectReference: {fileID: 2437605066446163437, guid: 0bac09782e9bffa438a1137a736ebe17,
        type: 3}
    - target: {fileID: 6854778085556326652, guid: 0bac09782e9bffa438a1137a736ebe17,
        type: 3}
      propertyPath: m_LocalPosition.x
      value: 1.84
      objectReference: {fileID: 0}
    - target: {fileID: 6854778085556326652, guid: 0bac09782e9bffa438a1137a736ebe17,
        type: 3}
      propertyPath: m_LocalPosition.y
      value: 4.11
      objectReference: {fileID: 0}
    - target: {fileID: 6854778085556326652, guid: 0bac09782e9bffa438a1137a736ebe17,
        type: 3}
      propertyPath: m_LocalPosition.z
      value: 0
      objectReference: {fileID: 0}
    - target: {fileID: 6854778085556326652, guid: 0bac09782e9bffa438a1137a736ebe17,
        type: 3}
      propertyPath: m_LocalRotation.x
      value: -0
      objectReference: {fileID: 0}
    - target: {fileID: 6854778085556326652, guid: 0bac09782e9bffa438a1137a736ebe17,
        type: 3}
      propertyPath: m_LocalRotation.y
      value: -0
      objectReference: {fileID: 0}
    - target: {fileID: 6854778085556326652, guid: 0bac09782e9bffa438a1137a736ebe17,
        type: 3}
      propertyPath: m_LocalRotation.z
      value: -0
      objectReference: {fileID: 0}
    - target: {fileID: 6854778085556326652, guid: 0bac09782e9bffa438a1137a736ebe17,
        type: 3}
      propertyPath: m_LocalRotation.w
      value: 1
      objectReference: {fileID: 0}
    - target: {fileID: 6854778085556326652, guid: 0bac09782e9bffa438a1137a736ebe17,
        type: 3}
      propertyPath: m_RootOrder
      value: 0
      objectReference: {fileID: 0}
    - target: {fileID: 6854778085556326652, guid: 0bac09782e9bffa438a1137a736ebe17,
        type: 3}
      propertyPath: m_LocalEulerAnglesHint.x
      value: 0
      objectReference: {fileID: 0}
    - target: {fileID: 6854778085556326652, guid: 0bac09782e9bffa438a1137a736ebe17,
        type: 3}
      propertyPath: m_LocalEulerAnglesHint.y
      value: 0
      objectReference: {fileID: 0}
    - target: {fileID: 6854778085556326652, guid: 0bac09782e9bffa438a1137a736ebe17,
        type: 3}
      propertyPath: m_LocalEulerAnglesHint.z
      value: 0
      objectReference: {fileID: 0}
    m_RemovedComponents: []
  m_SourcePrefab: {fileID: 100100000, guid: 0bac09782e9bffa438a1137a736ebe17, type: 3}
--- !u!4 &152642628874706470 stripped
Transform:
  m_CorrespondingSourceObject: {fileID: 6854778085556326652, guid: 0bac09782e9bffa438a1137a736ebe17,
    type: 3}
  m_PrefabInstance: {fileID: 6719190256553234138}
  m_PrefabAsset: {fileID: 0}
--- !u!114 &9001366435148612407 stripped
MonoBehaviour:
  m_CorrespondingSourceObject: {fileID: 2437605066446163437, guid: 0bac09782e9bffa438a1137a736ebe17,
    type: 3}
  m_PrefabInstance: {fileID: 6719190256553234138}
  m_PrefabAsset: {fileID: 0}
  m_GameObject: {fileID: 0}
  m_Enabled: 1
  m_EditorHideFlags: 0
  m_Script: {fileID: 11500000, guid: 6a5fcf0f908a2b0479d45362284782b1, type: 3}
  m_Name: 
  m_EditorClassIdentifier: 
--- !u!1001 &6719190257463452643
PrefabInstance:
  m_ObjectHideFlags: 0
  serializedVersion: 2
  m_Modification:
    m_TransformParent: {fileID: 4247200384764325991}
    m_Modifications:
    - target: {fileID: 1469825720698012463, guid: 0bac09782e9bffa438a1137a736ebe17,
        type: 3}
      propertyPath: m_Name
      value: E1 (1)
      objectReference: {fileID: 0}
    - target: {fileID: 2437605066446163437, guid: 0bac09782e9bffa438a1137a736ebe17,
        type: 3}
      propertyPath: serializationData.Prefab
      value: 
      objectReference: {fileID: 2437605066446163437, guid: 0bac09782e9bffa438a1137a736ebe17,
        type: 3}
    - target: {fileID: 6854778085556326652, guid: 0bac09782e9bffa438a1137a736ebe17,
        type: 3}
      propertyPath: m_LocalPosition.x
      value: 1
      objectReference: {fileID: 0}
    - target: {fileID: 6854778085556326652, guid: 0bac09782e9bffa438a1137a736ebe17,
        type: 3}
      propertyPath: m_LocalPosition.y
      value: 5.49
      objectReference: {fileID: 0}
    - target: {fileID: 6854778085556326652, guid: 0bac09782e9bffa438a1137a736ebe17,
        type: 3}
      propertyPath: m_LocalPosition.z
      value: 0
      objectReference: {fileID: 0}
    - target: {fileID: 6854778085556326652, guid: 0bac09782e9bffa438a1137a736ebe17,
        type: 3}
      propertyPath: m_LocalRotation.x
      value: -0
      objectReference: {fileID: 0}
    - target: {fileID: 6854778085556326652, guid: 0bac09782e9bffa438a1137a736ebe17,
        type: 3}
      propertyPath: m_LocalRotation.y
      value: -0
      objectReference: {fileID: 0}
    - target: {fileID: 6854778085556326652, guid: 0bac09782e9bffa438a1137a736ebe17,
        type: 3}
      propertyPath: m_LocalRotation.z
      value: -0
      objectReference: {fileID: 0}
    - target: {fileID: 6854778085556326652, guid: 0bac09782e9bffa438a1137a736ebe17,
        type: 3}
      propertyPath: m_LocalRotation.w
      value: 1
      objectReference: {fileID: 0}
    - target: {fileID: 6854778085556326652, guid: 0bac09782e9bffa438a1137a736ebe17,
        type: 3}
      propertyPath: m_RootOrder
      value: 1
      objectReference: {fileID: 0}
    - target: {fileID: 6854778085556326652, guid: 0bac09782e9bffa438a1137a736ebe17,
        type: 3}
      propertyPath: m_LocalEulerAnglesHint.x
      value: 0
      objectReference: {fileID: 0}
    - target: {fileID: 6854778085556326652, guid: 0bac09782e9bffa438a1137a736ebe17,
        type: 3}
      propertyPath: m_LocalEulerAnglesHint.y
      value: 0
      objectReference: {fileID: 0}
    - target: {fileID: 6854778085556326652, guid: 0bac09782e9bffa438a1137a736ebe17,
        type: 3}
      propertyPath: m_LocalEulerAnglesHint.z
      value: 0
      objectReference: {fileID: 0}
    m_RemovedComponents: []
  m_SourcePrefab: {fileID: 100100000, guid: 0bac09782e9bffa438a1137a736ebe17, type: 3}
--- !u!4 &152642629717750559 stripped
Transform:
  m_CorrespondingSourceObject: {fileID: 6854778085556326652, guid: 0bac09782e9bffa438a1137a736ebe17,
    type: 3}
  m_PrefabInstance: {fileID: 6719190257463452643}
  m_PrefabAsset: {fileID: 0}
--- !u!114 &9001366435253497358 stripped
MonoBehaviour:
  m_CorrespondingSourceObject: {fileID: 2437605066446163437, guid: 0bac09782e9bffa438a1137a736ebe17,
    type: 3}
  m_PrefabInstance: {fileID: 6719190257463452643}
  m_PrefabAsset: {fileID: 0}
  m_GameObject: {fileID: 0}
  m_Enabled: 1
  m_EditorHideFlags: 0
  m_Script: {fileID: 11500000, guid: 6a5fcf0f908a2b0479d45362284782b1, type: 3}
  m_Name: 
  m_EditorClassIdentifier: 
--- !u!1001 &9174724411483958184
PrefabInstance:
  m_ObjectHideFlags: 0
  serializedVersion: 2
  m_Modification:
    m_TransformParent: {fileID: 4247200384764325991}
    m_Modifications:
    - target: {fileID: 1469825720698012463, guid: 0bac09782e9bffa438a1137a736ebe17,
        type: 3}
      propertyPath: m_Name
      value: E1 (5)
      objectReference: {fileID: 0}
    - target: {fileID: 2437605066446163437, guid: 0bac09782e9bffa438a1137a736ebe17,
        type: 3}
      propertyPath: serializationData.Prefab
      value: 
      objectReference: {fileID: 2437605066446163437, guid: 0bac09782e9bffa438a1137a736ebe17,
        type: 3}
    - target: {fileID: 6854778085556326652, guid: 0bac09782e9bffa438a1137a736ebe17,
        type: 3}
      propertyPath: m_LocalPosition.x
      value: -1.9
      objectReference: {fileID: 0}
    - target: {fileID: 6854778085556326652, guid: 0bac09782e9bffa438a1137a736ebe17,
        type: 3}
      propertyPath: m_LocalPosition.y
      value: 1.37
      objectReference: {fileID: 0}
    - target: {fileID: 6854778085556326652, guid: 0bac09782e9bffa438a1137a736ebe17,
        type: 3}
      propertyPath: m_LocalPosition.z
      value: 0
      objectReference: {fileID: 0}
    - target: {fileID: 6854778085556326652, guid: 0bac09782e9bffa438a1137a736ebe17,
        type: 3}
      propertyPath: m_LocalRotation.x
      value: -0
      objectReference: {fileID: 0}
    - target: {fileID: 6854778085556326652, guid: 0bac09782e9bffa438a1137a736ebe17,
        type: 3}
      propertyPath: m_LocalRotation.y
      value: -0
      objectReference: {fileID: 0}
    - target: {fileID: 6854778085556326652, guid: 0bac09782e9bffa438a1137a736ebe17,
        type: 3}
      propertyPath: m_LocalRotation.z
      value: -0
      objectReference: {fileID: 0}
    - target: {fileID: 6854778085556326652, guid: 0bac09782e9bffa438a1137a736ebe17,
        type: 3}
      propertyPath: m_LocalRotation.w
      value: 1
      objectReference: {fileID: 0}
    - target: {fileID: 6854778085556326652, guid: 0bac09782e9bffa438a1137a736ebe17,
        type: 3}
      propertyPath: m_RootOrder
      value: 8
      objectReference: {fileID: 0}
    - target: {fileID: 6854778085556326652, guid: 0bac09782e9bffa438a1137a736ebe17,
        type: 3}
      propertyPath: m_LocalEulerAnglesHint.x
      value: 0
      objectReference: {fileID: 0}
    - target: {fileID: 6854778085556326652, guid: 0bac09782e9bffa438a1137a736ebe17,
        type: 3}
      propertyPath: m_LocalEulerAnglesHint.y
      value: 0
      objectReference: {fileID: 0}
    - target: {fileID: 6854778085556326652, guid: 0bac09782e9bffa438a1137a736ebe17,
        type: 3}
      propertyPath: m_LocalEulerAnglesHint.z
      value: 0
      objectReference: {fileID: 0}
    m_RemovedComponents: []
  m_SourcePrefab: {fileID: 100100000, guid: 0bac09782e9bffa438a1137a736ebe17, type: 3}
--- !u!4 &2337996473635748692 stripped
Transform:
  m_CorrespondingSourceObject: {fileID: 6854778085556326652, guid: 0bac09782e9bffa438a1137a736ebe17,
    type: 3}
  m_PrefabInstance: {fileID: 9174724411483958184}
  m_PrefabAsset: {fileID: 0}
--- !u!114 &6811474373190116933 stripped
MonoBehaviour:
  m_CorrespondingSourceObject: {fileID: 2437605066446163437, guid: 0bac09782e9bffa438a1137a736ebe17,
    type: 3}
  m_PrefabInstance: {fileID: 9174724411483958184}
  m_PrefabAsset: {fileID: 0}
  m_GameObject: {fileID: 0}
  m_Enabled: 1
  m_EditorHideFlags: 0
  m_Script: {fileID: 11500000, guid: 6a5fcf0f908a2b0479d45362284782b1, type: 3}
  m_Name: 
  m_EditorClassIdentifier: 
