%YAML 1.1
%TAG !u! tag:unity3d.com,2011:
--- !u!1 &4280930871227858472
GameObject:
  m_ObjectHideFlags: 0
  m_CorrespondingSourceObject: {fileID: 0}
  m_PrefabInstance: {fileID: 0}
  m_PrefabAsset: {fileID: 0}
  serializedVersion: 6
  m_Component:
  - component: {fileID: 777742847697208138}
  - component: {fileID: 6941637918681778955}
  m_Layer: 0
  m_Name: Grp_06
  m_TagString: Untagged
  m_Icon: {fileID: 0}
  m_NavMeshLayer: 0
  m_StaticEditorFlags: 0
  m_IsActive: 1
--- !u!4 &777742847697208138
Transform:
  m_ObjectHideFlags: 0
  m_CorrespondingSourceObject: {fileID: 0}
  m_PrefabInstance: {fileID: 0}
  m_PrefabAsset: {fileID: 0}
  m_GameObject: {fileID: 4280930871227858472}
  m_LocalRotation: {x: 0, y: 0, z: 0, w: 1}
  m_LocalPosition: {x: -106.28, y: -2.24, z: 0}
  m_LocalScale: {x: 1, y: 1, z: 1}
  m_Children:
  - {fileID: 4146155822146966509}
  - {fileID: 8544187266085077712}
  - {fileID: 2482926545727874343}
  - {fileID: 5026118096374363227}
  - {fileID: 2080331685638427634}
  - {fileID: 4937092903720944135}
  - {fileID: 425752182043849184}
  - {fileID: 1424874271693990378}
  - {fileID: 7994013448736655449}
  - {fileID: 7293038882304499322}
  - {fileID: 2877709314393851469}
  - {fileID: 6678734267366658553}
  - {fileID: 8893263663234966934}
  - {fileID: 2751062926222702644}
  - {fileID: 1793119795491082525}
  - {fileID: 599652955595437119}
  - {fileID: 8575807438017290847}
  - {fileID: 6694215358660233727}
  - {fileID: 4086732894180165519}
  - {fileID: 4192161749798196315}
  m_Father: {fileID: 0}
  m_RootOrder: 0
  m_LocalEulerAnglesHint: {x: 0, y: 0, z: 0}
--- !u!114 &6941637918681778955
MonoBehaviour:
  m_ObjectHideFlags: 0
  m_CorrespondingSourceObject: {fileID: 0}
  m_PrefabInstance: {fileID: 0}
  m_PrefabAsset: {fileID: 0}
  m_GameObject: {fileID: 4280930871227858472}
  m_Enabled: 1
  m_EditorHideFlags: 0
  m_Script: {fileID: 11500000, guid: 1aea33727abf3a7439d1a2826284e3ea, type: 3}
  m_Name: 
  m_EditorClassIdentifier: 
  newPrefab: {fileID: 7702334912174116636, guid: 05b46018a626c7a49ae5edd81eba0982,
    type: 3}
  RandomYRotation: 0
  SpawnOffset: {x: 0, y: 0, z: 0}
  onlySearchChildren: 1
  oldGameObjects:
  - {fileID: 8272782857852371006}
  - {fileID: 4456245731487731971}
  - {fileID: 7580101763541825268}
  - {fileID: 1046125021846169480}
  - {fileID: 6312388924235857953}
  - {fileID: 1135150355146084820}
  - {fileID: 5669009074957951539}
  - {fileID: 6377912311200250425}
  - {fileID: 2717005442514639754}
  - {fileID: 3346978079046667689}
  - {fileID: 7830461996272244126}
  - {fileID: 1723593891298001450}
  - {fileID: 3472265158280476229}
  - {fileID: 7883959936257338343}
  - {fileID: 6027714167907025614}
  - {fileID: 4834240103071148012}
  - {fileID: 4343631135141261708}
  - {fileID: 1703046255895108140}
  - {fileID: 8354796365657986140}
  - {fileID: 8172135617509197704}
  searchByTag: other
  searchByName: E11
  searchByRef: {fileID: 3557337547839812970, guid: b303791b5e008834eaef6f07ae6cc7c8,
    type: 3}
--- !u!1001 &276371798239656424
PrefabInstance:
  m_ObjectHideFlags: 0
  serializedVersion: 2
  m_Modification:
    m_TransformParent: {fileID: 777742847697208138}
    m_Modifications:
    - target: {fileID: 932427223720752662, guid: 05b46018a626c7a49ae5edd81eba0982,
        type: 3}
      propertyPath: m_LocalPosition.x
      value: -0.009996429
      objectReference: {fileID: 0}
    - target: {fileID: 932427223720752662, guid: 05b46018a626c7a49ae5edd81eba0982,
        type: 3}
      propertyPath: m_LocalPosition.y
      value: 3.41
      objectReference: {fileID: 0}
    - target: {fileID: 2423216040390286543, guid: 05b46018a626c7a49ae5edd81eba0982,
        type: 3}
      propertyPath: m_RootOrder
      value: 2
      objectReference: {fileID: 0}
    - target: {fileID: 2423216040390286543, guid: 05b46018a626c7a49ae5edd81eba0982,
        type: 3}
      propertyPath: m_LocalPosition.x
      value: -0.5
      objectReference: {fileID: 0}
    - target: {fileID: 2423216040390286543, guid: 05b46018a626c7a49ae5edd81eba0982,
        type: 3}
      propertyPath: m_LocalPosition.y
      value: 0
      objectReference: {fileID: 0}
    - target: {fileID: 2423216040390286543, guid: 05b46018a626c7a49ae5edd81eba0982,
        type: 3}
      propertyPath: m_LocalPosition.z
      value: 0
      objectReference: {fileID: 0}
    - target: {fileID: 2423216040390286543, guid: 05b46018a626c7a49ae5edd81eba0982,
        type: 3}
      propertyPath: m_LocalRotation.w
      value: 1
      objectReference: {fileID: 0}
    - target: {fileID: 2423216040390286543, guid: 05b46018a626c7a49ae5edd81eba0982,
        type: 3}
      propertyPath: m_LocalRotation.x
      value: -0
      objectReference: {fileID: 0}
    - target: {fileID: 2423216040390286543, guid: 05b46018a626c7a49ae5edd81eba0982,
        type: 3}
      propertyPath: m_LocalRotation.y
      value: -0
      objectReference: {fileID: 0}
    - target: {fileID: 2423216040390286543, guid: 05b46018a626c7a49ae5edd81eba0982,
        type: 3}
      propertyPath: m_LocalRotation.z
      value: -0
      objectReference: {fileID: 0}
    - target: {fileID: 2423216040390286543, guid: 05b46018a626c7a49ae5edd81eba0982,
        type: 3}
      propertyPath: m_LocalEulerAnglesHint.x
      value: 0
      objectReference: {fileID: 0}
    - target: {fileID: 2423216040390286543, guid: 05b46018a626c7a49ae5edd81eba0982,
        type: 3}
      propertyPath: m_LocalEulerAnglesHint.y
      value: 0
      objectReference: {fileID: 0}
    - target: {fileID: 2423216040390286543, guid: 05b46018a626c7a49ae5edd81eba0982,
        type: 3}
      propertyPath: m_LocalEulerAnglesHint.z
      value: 0
      objectReference: {fileID: 0}
    - target: {fileID: 6079916506518265317, guid: 05b46018a626c7a49ae5edd81eba0982,
        type: 3}
      propertyPath: serializationData.Prefab
      value: 
      objectReference: {fileID: 6079916506518265317, guid: 05b46018a626c7a49ae5edd81eba0982,
        type: 3}
    - target: {fileID: 7702334912174116636, guid: 05b46018a626c7a49ae5edd81eba0982,
        type: 3}
      propertyPath: m_Name
      value: E11
      objectReference: {fileID: 0}
    m_RemovedComponents: []
  m_SourcePrefab: {fileID: 100100000, guid: 05b46018a626c7a49ae5edd81eba0982, type: 3}
--- !u!1 &7580101763541825268 stripped
GameObject:
  m_CorrespondingSourceObject: {fileID: 7702334912174116636, guid: 05b46018a626c7a49ae5edd81eba0982,
    type: 3}
  m_PrefabInstance: {fileID: 276371798239656424}
  m_PrefabAsset: {fileID: 0}
--- !u!4 &2482926545727874343 stripped
Transform:
  m_CorrespondingSourceObject: {fileID: 2423216040390286543, guid: 05b46018a626c7a49ae5edd81eba0982,
    type: 3}
  m_PrefabInstance: {fileID: 276371798239656424}
  m_PrefabAsset: {fileID: 0}
--- !u!1001 &454673868930062978
PrefabInstance:
  m_ObjectHideFlags: 0
  serializedVersion: 2
  m_Modification:
    m_TransformParent: {fileID: 777742847697208138}
    m_Modifications:
    - target: {fileID: 932427223720752662, guid: 05b46018a626c7a49ae5edd81eba0982,
        type: 3}
      propertyPath: m_LocalPosition.x
      value: -0.009996429
      objectReference: {fileID: 0}
    - target: {fileID: 932427223720752662, guid: 05b46018a626c7a49ae5edd81eba0982,
        type: 3}
      propertyPath: m_LocalPosition.y
      value: 3.41
      objectReference: {fileID: 0}
    - target: {fileID: 2423216040390286543, guid: 05b46018a626c7a49ae5edd81eba0982,
        type: 3}
      propertyPath: m_RootOrder
      value: 10
      objectReference: {fileID: 0}
    - target: {fileID: 2423216040390286543, guid: 05b46018a626c7a49ae5edd81eba0982,
        type: 3}
      propertyPath: m_LocalPosition.x
      value: 0
      objectReference: {fileID: 0}
    - target: {fileID: 2423216040390286543, guid: 05b46018a626c7a49ae5edd81eba0982,
        type: 3}
      propertyPath: m_LocalPosition.y
      value: -1
      objectReference: {fileID: 0}
    - target: {fileID: 2423216040390286543, guid: 05b46018a626c7a49ae5edd81eba0982,
        type: 3}
      propertyPath: m_LocalPosition.z
      value: 0
      objectReference: {fileID: 0}
    - target: {fileID: 2423216040390286543, guid: 05b46018a626c7a49ae5edd81eba0982,
        type: 3}
      propertyPath: m_LocalRotation.w
      value: 0
      objectReference: {fileID: 0}
    - target: {fileID: 2423216040390286543, guid: 05b46018a626c7a49ae5edd81eba0982,
        type: 3}
      propertyPath: m_LocalRotation.x
      value: 0
      objectReference: {fileID: 0}
    - target: {fileID: 2423216040390286543, guid: 05b46018a626c7a49ae5edd81eba0982,
        type: 3}
      propertyPath: m_LocalRotation.y
      value: 0
      objectReference: {fileID: 0}
    - target: {fileID: 2423216040390286543, guid: 05b46018a626c7a49ae5edd81eba0982,
        type: 3}
      propertyPath: m_LocalRotation.z
      value: 1
      objectReference: {fileID: 0}
    - target: {fileID: 2423216040390286543, guid: 05b46018a626c7a49ae5edd81eba0982,
        type: 3}
      propertyPath: m_LocalEulerAnglesHint.x
      value: 0
      objectReference: {fileID: 0}
    - target: {fileID: 2423216040390286543, guid: 05b46018a626c7a49ae5edd81eba0982,
        type: 3}
      propertyPath: m_LocalEulerAnglesHint.y
      value: 0
      objectReference: {fileID: 0}
    - target: {fileID: 2423216040390286543, guid: 05b46018a626c7a49ae5edd81eba0982,
        type: 3}
      propertyPath: m_LocalEulerAnglesHint.z
      value: 180
      objectReference: {fileID: 0}
    - target: {fileID: 6079916506518265317, guid: 05b46018a626c7a49ae5edd81eba0982,
        type: 3}
      propertyPath: serializationData.Prefab
      value: 
      objectReference: {fileID: 6079916506518265317, guid: 05b46018a626c7a49ae5edd81eba0982,
        type: 3}
    - target: {fileID: 7702334912174116636, guid: 05b46018a626c7a49ae5edd81eba0982,
        type: 3}
      propertyPath: m_Name
      value: E11
      objectReference: {fileID: 0}
    m_RemovedComponents: []
  m_SourcePrefab: {fileID: 100100000, guid: 05b46018a626c7a49ae5edd81eba0982, type: 3}
--- !u!1 &7830461996272244126 stripped
GameObject:
  m_CorrespondingSourceObject: {fileID: 7702334912174116636, guid: 05b46018a626c7a49ae5edd81eba0982,
    type: 3}
  m_PrefabInstance: {fileID: 454673868930062978}
  m_PrefabAsset: {fileID: 0}
--- !u!4 &2877709314393851469 stripped
Transform:
  m_CorrespondingSourceObject: {fileID: 2423216040390286543, guid: 05b46018a626c7a49ae5edd81eba0982,
    type: 3}
  m_PrefabInstance: {fileID: 454673868930062978}
  m_PrefabAsset: {fileID: 0}
--- !u!1001 &544164804730676475
PrefabInstance:
  m_ObjectHideFlags: 0
  serializedVersion: 2
  m_Modification:
    m_TransformParent: {fileID: 777742847697208138}
    m_Modifications:
    - target: {fileID: 932427223720752662, guid: 05b46018a626c7a49ae5edd81eba0982,
        type: 3}
      propertyPath: m_LocalPosition.x
      value: -0.009996429
      objectReference: {fileID: 0}
    - target: {fileID: 932427223720752662, guid: 05b46018a626c7a49ae5edd81eba0982,
        type: 3}
      propertyPath: m_LocalPosition.y
      value: 3.41
      objectReference: {fileID: 0}
    - target: {fileID: 2423216040390286543, guid: 05b46018a626c7a49ae5edd81eba0982,
        type: 3}
      propertyPath: m_RootOrder
      value: 13
      objectReference: {fileID: 0}
    - target: {fileID: 2423216040390286543, guid: 05b46018a626c7a49ae5edd81eba0982,
        type: 3}
      propertyPath: m_LocalPosition.x
      value: -1
      objectReference: {fileID: 0}
    - target: {fileID: 2423216040390286543, guid: 05b46018a626c7a49ae5edd81eba0982,
        type: 3}
      propertyPath: m_LocalPosition.y
      value: -1
      objectReference: {fileID: 0}
    - target: {fileID: 2423216040390286543, guid: 05b46018a626c7a49ae5edd81eba0982,
        type: 3}
      propertyPath: m_LocalPosition.z
      value: 0
      objectReference: {fileID: 0}
    - target: {fileID: 2423216040390286543, guid: 05b46018a626c7a49ae5edd81eba0982,
        type: 3}
      propertyPath: m_LocalRotation.w
      value: 0
      objectReference: {fileID: 0}
    - target: {fileID: 2423216040390286543, guid: 05b46018a626c7a49ae5edd81eba0982,
        type: 3}
      propertyPath: m_LocalRotation.x
      value: 0
      objectReference: {fileID: 0}
    - target: {fileID: 2423216040390286543, guid: 05b46018a626c7a49ae5edd81eba0982,
        type: 3}
      propertyPath: m_LocalRotation.y
      value: 0
      objectReference: {fileID: 0}
    - target: {fileID: 2423216040390286543, guid: 05b46018a626c7a49ae5edd81eba0982,
        type: 3}
      propertyPath: m_LocalRotation.z
      value: 1
      objectReference: {fileID: 0}
    - target: {fileID: 2423216040390286543, guid: 05b46018a626c7a49ae5edd81eba0982,
        type: 3}
      propertyPath: m_LocalEulerAnglesHint.x
      value: 0
      objectReference: {fileID: 0}
    - target: {fileID: 2423216040390286543, guid: 05b46018a626c7a49ae5edd81eba0982,
        type: 3}
      propertyPath: m_LocalEulerAnglesHint.y
      value: 0
      objectReference: {fileID: 0}
    - target: {fileID: 2423216040390286543, guid: 05b46018a626c7a49ae5edd81eba0982,
        type: 3}
      propertyPath: m_LocalEulerAnglesHint.z
      value: 180
      objectReference: {fileID: 0}
    - target: {fileID: 6079916506518265317, guid: 05b46018a626c7a49ae5edd81eba0982,
        type: 3}
      propertyPath: serializationData.Prefab
      value: 
      objectReference: {fileID: 6079916506518265317, guid: 05b46018a626c7a49ae5edd81eba0982,
        type: 3}
    - target: {fileID: 7702334912174116636, guid: 05b46018a626c7a49ae5edd81eba0982,
        type: 3}
      propertyPath: m_Name
      value: E11
      objectReference: {fileID: 0}
    m_RemovedComponents: []
  m_SourcePrefab: {fileID: 100100000, guid: 05b46018a626c7a49ae5edd81eba0982, type: 3}
--- !u!1 &7883959936257338343 stripped
GameObject:
  m_CorrespondingSourceObject: {fileID: 7702334912174116636, guid: 05b46018a626c7a49ae5edd81eba0982,
    type: 3}
  m_PrefabInstance: {fileID: 544164804730676475}
  m_PrefabAsset: {fileID: 0}
--- !u!4 &2751062926222702644 stripped
Transform:
  m_CorrespondingSourceObject: {fileID: 2423216040390286543, guid: 05b46018a626c7a49ae5edd81eba0982,
    type: 3}
  m_PrefabInstance: {fileID: 544164804730676475}
  m_PrefabAsset: {fileID: 0}
--- !u!1001 &1741455885227593506
PrefabInstance:
  m_ObjectHideFlags: 0
  serializedVersion: 2
  m_Modification:
    m_TransformParent: {fileID: 777742847697208138}
    m_Modifications:
    - target: {fileID: 932427223720752662, guid: 05b46018a626c7a49ae5edd81eba0982,
        type: 3}
      propertyPath: m_LocalPosition.x
      value: -0.009996429
      objectReference: {fileID: 0}
    - target: {fileID: 932427223720752662, guid: 05b46018a626c7a49ae5edd81eba0982,
        type: 3}
      propertyPath: m_LocalPosition.y
      value: 3.41
      objectReference: {fileID: 0}
    - target: {fileID: 2423216040390286543, guid: 05b46018a626c7a49ae5edd81eba0982,
        type: 3}
      propertyPath: m_RootOrder
      value: 0
      objectReference: {fileID: 0}
    - target: {fileID: 2423216040390286543, guid: 05b46018a626c7a49ae5edd81eba0982,
        type: 3}
      propertyPath: m_LocalPosition.x
      value: 0
      objectReference: {fileID: 0}
    - target: {fileID: 2423216040390286543, guid: 05b46018a626c7a49ae5edd81eba0982,
        type: 3}
      propertyPath: m_LocalPosition.y
      value: 0
      objectReference: {fileID: 0}
    - target: {fileID: 2423216040390286543, guid: 05b46018a626c7a49ae5edd81eba0982,
        type: 3}
      propertyPath: m_LocalPosition.z
      value: 0
      objectReference: {fileID: 0}
    - target: {fileID: 2423216040390286543, guid: 05b46018a626c7a49ae5edd81eba0982,
        type: 3}
      propertyPath: m_LocalRotation.w
      value: 1
      objectReference: {fileID: 0}
    - target: {fileID: 2423216040390286543, guid: 05b46018a626c7a49ae5edd81eba0982,
        type: 3}
      propertyPath: m_LocalRotation.x
      value: -0
      objectReference: {fileID: 0}
    - target: {fileID: 2423216040390286543, guid: 05b46018a626c7a49ae5edd81eba0982,
        type: 3}
      propertyPath: m_LocalRotation.y
      value: -0
      objectReference: {fileID: 0}
    - target: {fileID: 2423216040390286543, guid: 05b46018a626c7a49ae5edd81eba0982,
        type: 3}
      propertyPath: m_LocalRotation.z
      value: -0
      objectReference: {fileID: 0}
    - target: {fileID: 2423216040390286543, guid: 05b46018a626c7a49ae5edd81eba0982,
        type: 3}
      propertyPath: m_LocalEulerAnglesHint.x
      value: 0
      objectReference: {fileID: 0}
    - target: {fileID: 2423216040390286543, guid: 05b46018a626c7a49ae5edd81eba0982,
        type: 3}
      propertyPath: m_LocalEulerAnglesHint.y
      value: 0
      objectReference: {fileID: 0}
    - target: {fileID: 2423216040390286543, guid: 05b46018a626c7a49ae5edd81eba0982,
        type: 3}
      propertyPath: m_LocalEulerAnglesHint.z
      value: 0
      objectReference: {fileID: 0}
    - target: {fileID: 6079916506518265317, guid: 05b46018a626c7a49ae5edd81eba0982,
        type: 3}
      propertyPath: serializationData.Prefab
      value: 
      objectReference: {fileID: 6079916506518265317, guid: 05b46018a626c7a49ae5edd81eba0982,
        type: 3}
    - target: {fileID: 7702334912174116636, guid: 05b46018a626c7a49ae5edd81eba0982,
        type: 3}
      propertyPath: m_Name
      value: E11
      objectReference: {fileID: 0}
    m_RemovedComponents: []
  m_SourcePrefab: {fileID: 100100000, guid: 05b46018a626c7a49ae5edd81eba0982, type: 3}
--- !u!1 &8272782857852371006 stripped
GameObject:
  m_CorrespondingSourceObject: {fileID: 7702334912174116636, guid: 05b46018a626c7a49ae5edd81eba0982,
    type: 3}
  m_PrefabInstance: {fileID: 1741455885227593506}
  m_PrefabAsset: {fileID: 0}
--- !u!4 &4146155822146966509 stripped
Transform:
  m_CorrespondingSourceObject: {fileID: 2423216040390286543, guid: 05b46018a626c7a49ae5edd81eba0982,
    type: 3}
  m_PrefabInstance: {fileID: 1741455885227593506}
  m_PrefabAsset: {fileID: 0}
--- !u!1001 &1807636476570016576
PrefabInstance:
  m_ObjectHideFlags: 0
  serializedVersion: 2
  m_Modification:
    m_TransformParent: {fileID: 777742847697208138}
    m_Modifications:
    - target: {fileID: 932427223720752662, guid: 05b46018a626c7a49ae5edd81eba0982,
        type: 3}
      propertyPath: m_LocalPosition.x
      value: -0.009996429
      objectReference: {fileID: 0}
    - target: {fileID: 932427223720752662, guid: 05b46018a626c7a49ae5edd81eba0982,
        type: 3}
      propertyPath: m_LocalPosition.y
      value: 3.41
      objectReference: {fileID: 0}
    - target: {fileID: 2423216040390286543, guid: 05b46018a626c7a49ae5edd81eba0982,
        type: 3}
      propertyPath: m_RootOrder
      value: 18
      objectReference: {fileID: 0}
    - target: {fileID: 2423216040390286543, guid: 05b46018a626c7a49ae5edd81eba0982,
        type: 3}
      propertyPath: m_LocalPosition.x
      value: -1
      objectReference: {fileID: 0}
    - target: {fileID: 2423216040390286543, guid: 05b46018a626c7a49ae5edd81eba0982,
        type: 3}
      propertyPath: m_LocalPosition.y
      value: -1.5
      objectReference: {fileID: 0}
    - target: {fileID: 2423216040390286543, guid: 05b46018a626c7a49ae5edd81eba0982,
        type: 3}
      propertyPath: m_LocalPosition.z
      value: 0
      objectReference: {fileID: 0}
    - target: {fileID: 2423216040390286543, guid: 05b46018a626c7a49ae5edd81eba0982,
        type: 3}
      propertyPath: m_LocalRotation.w
      value: 0
      objectReference: {fileID: 0}
    - target: {fileID: 2423216040390286543, guid: 05b46018a626c7a49ae5edd81eba0982,
        type: 3}
      propertyPath: m_LocalRotation.x
      value: 0
      objectReference: {fileID: 0}
    - target: {fileID: 2423216040390286543, guid: 05b46018a626c7a49ae5edd81eba0982,
        type: 3}
      propertyPath: m_LocalRotation.y
      value: 0
      objectReference: {fileID: 0}
    - target: {fileID: 2423216040390286543, guid: 05b46018a626c7a49ae5edd81eba0982,
        type: 3}
      propertyPath: m_LocalRotation.z
      value: 1
      objectReference: {fileID: 0}
    - target: {fileID: 2423216040390286543, guid: 05b46018a626c7a49ae5edd81eba0982,
        type: 3}
      propertyPath: m_LocalEulerAnglesHint.x
      value: 0
      objectReference: {fileID: 0}
    - target: {fileID: 2423216040390286543, guid: 05b46018a626c7a49ae5edd81eba0982,
        type: 3}
      propertyPath: m_LocalEulerAnglesHint.y
      value: 0
      objectReference: {fileID: 0}
    - target: {fileID: 2423216040390286543, guid: 05b46018a626c7a49ae5edd81eba0982,
        type: 3}
      propertyPath: m_LocalEulerAnglesHint.z
      value: 180
      objectReference: {fileID: 0}
    - target: {fileID: 6079916506518265317, guid: 05b46018a626c7a49ae5edd81eba0982,
        type: 3}
      propertyPath: serializationData.Prefab
      value: 
      objectReference: {fileID: 6079916506518265317, guid: 05b46018a626c7a49ae5edd81eba0982,
        type: 3}
    - target: {fileID: 7702334912174116636, guid: 05b46018a626c7a49ae5edd81eba0982,
        type: 3}
      propertyPath: m_Name
      value: E11
      objectReference: {fileID: 0}
    m_RemovedComponents: []
  m_SourcePrefab: {fileID: 100100000, guid: 05b46018a626c7a49ae5edd81eba0982, type: 3}
--- !u!4 &4086732894180165519 stripped
Transform:
  m_CorrespondingSourceObject: {fileID: 2423216040390286543, guid: 05b46018a626c7a49ae5edd81eba0982,
    type: 3}
  m_PrefabInstance: {fileID: 1807636476570016576}
  m_PrefabAsset: {fileID: 0}
--- !u!1 &8354796365657986140 stripped
GameObject:
  m_CorrespondingSourceObject: {fileID: 7702334912174116636, guid: 05b46018a626c7a49ae5edd81eba0982,
    type: 3}
  m_PrefabInstance: {fileID: 1807636476570016576}
  m_PrefabAsset: {fileID: 0}
--- !u!1001 &1985369183538268308
PrefabInstance:
  m_ObjectHideFlags: 0
  serializedVersion: 2
  m_Modification:
    m_TransformParent: {fileID: 777742847697208138}
    m_Modifications:
    - target: {fileID: 932427223720752662, guid: 05b46018a626c7a49ae5edd81eba0982,
        type: 3}
      propertyPath: m_LocalPosition.x
      value: -0.01
      objectReference: {fileID: 0}
    - target: {fileID: 932427223720752662, guid: 05b46018a626c7a49ae5edd81eba0982,
        type: 3}
      propertyPath: m_LocalPosition.y
      value: 3.41
      objectReference: {fileID: 0}
    - target: {fileID: 2423216040390286543, guid: 05b46018a626c7a49ae5edd81eba0982,
        type: 3}
      propertyPath: m_RootOrder
      value: 19
      objectReference: {fileID: 0}
    - target: {fileID: 2423216040390286543, guid: 05b46018a626c7a49ae5edd81eba0982,
        type: 3}
      propertyPath: m_LocalPosition.x
      value: 1
      objectReference: {fileID: 0}
    - target: {fileID: 2423216040390286543, guid: 05b46018a626c7a49ae5edd81eba0982,
        type: 3}
      propertyPath: m_LocalPosition.y
      value: -1.5
      objectReference: {fileID: 0}
    - target: {fileID: 2423216040390286543, guid: 05b46018a626c7a49ae5edd81eba0982,
        type: 3}
      propertyPath: m_LocalPosition.z
      value: 0
      objectReference: {fileID: 0}
    - target: {fileID: 2423216040390286543, guid: 05b46018a626c7a49ae5edd81eba0982,
        type: 3}
      propertyPath: m_LocalRotation.w
      value: 0
      objectReference: {fileID: 0}
    - target: {fileID: 2423216040390286543, guid: 05b46018a626c7a49ae5edd81eba0982,
        type: 3}
      propertyPath: m_LocalRotation.x
      value: 0
      objectReference: {fileID: 0}
    - target: {fileID: 2423216040390286543, guid: 05b46018a626c7a49ae5edd81eba0982,
        type: 3}
      propertyPath: m_LocalRotation.y
      value: 0
      objectReference: {fileID: 0}
    - target: {fileID: 2423216040390286543, guid: 05b46018a626c7a49ae5edd81eba0982,
        type: 3}
      propertyPath: m_LocalRotation.z
      value: 1
      objectReference: {fileID: 0}
    - target: {fileID: 2423216040390286543, guid: 05b46018a626c7a49ae5edd81eba0982,
        type: 3}
      propertyPath: m_LocalEulerAnglesHint.x
      value: 0
      objectReference: {fileID: 0}
    - target: {fileID: 2423216040390286543, guid: 05b46018a626c7a49ae5edd81eba0982,
        type: 3}
      propertyPath: m_LocalEulerAnglesHint.y
      value: 0
      objectReference: {fileID: 0}
    - target: {fileID: 2423216040390286543, guid: 05b46018a626c7a49ae5edd81eba0982,
        type: 3}
      propertyPath: m_LocalEulerAnglesHint.z
      value: 180
      objectReference: {fileID: 0}
    - target: {fileID: 6079916506518265317, guid: 05b46018a626c7a49ae5edd81eba0982,
        type: 3}
      propertyPath: serializationData.Prefab
      value: 
      objectReference: {fileID: 6079916506518265317, guid: 05b46018a626c7a49ae5edd81eba0982,
        type: 3}
    - target: {fileID: 7702334912174116636, guid: 05b46018a626c7a49ae5edd81eba0982,
        type: 3}
      propertyPath: m_Name
      value: E11
      objectReference: {fileID: 0}
    m_RemovedComponents: []
  m_SourcePrefab: {fileID: 100100000, guid: 05b46018a626c7a49ae5edd81eba0982, type: 3}
--- !u!4 &4192161749798196315 stripped
Transform:
  m_CorrespondingSourceObject: {fileID: 2423216040390286543, guid: 05b46018a626c7a49ae5edd81eba0982,
    type: 3}
  m_PrefabInstance: {fileID: 1985369183538268308}
  m_PrefabAsset: {fileID: 0}
--- !u!1 &8172135617509197704 stripped
GameObject:
  m_CorrespondingSourceObject: {fileID: 7702334912174116636, guid: 05b46018a626c7a49ae5edd81eba0982,
    type: 3}
  m_PrefabInstance: {fileID: 1985369183538268308}
  m_PrefabAsset: {fileID: 0}
--- !u!1001 &2614459967065812271
PrefabInstance:
  m_ObjectHideFlags: 0
  serializedVersion: 2
  m_Modification:
    m_TransformParent: {fileID: 777742847697208138}
    m_Modifications:
    - target: {fileID: 932427223720752662, guid: 05b46018a626c7a49ae5edd81eba0982,
        type: 3}
      propertyPath: m_LocalPosition.x
      value: -0.009996429
      objectReference: {fileID: 0}
    - target: {fileID: 932427223720752662, guid: 05b46018a626c7a49ae5edd81eba0982,
        type: 3}
      propertyPath: m_LocalPosition.y
      value: 3.41
      objectReference: {fileID: 0}
    - target: {fileID: 2423216040390286543, guid: 05b46018a626c7a49ae5edd81eba0982,
        type: 3}
      propertyPath: m_RootOrder
      value: 6
      objectReference: {fileID: 0}
    - target: {fileID: 2423216040390286543, guid: 05b46018a626c7a49ae5edd81eba0982,
        type: 3}
      propertyPath: m_LocalPosition.x
      value: 0.5
      objectReference: {fileID: 0}
    - target: {fileID: 2423216040390286543, guid: 05b46018a626c7a49ae5edd81eba0982,
        type: 3}
      propertyPath: m_LocalPosition.y
      value: -0.5
      objectReference: {fileID: 0}
    - target: {fileID: 2423216040390286543, guid: 05b46018a626c7a49ae5edd81eba0982,
        type: 3}
      propertyPath: m_LocalPosition.z
      value: 0
      objectReference: {fileID: 0}
    - target: {fileID: 2423216040390286543, guid: 05b46018a626c7a49ae5edd81eba0982,
        type: 3}
      propertyPath: m_LocalRotation.w
      value: 1
      objectReference: {fileID: 0}
    - target: {fileID: 2423216040390286543, guid: 05b46018a626c7a49ae5edd81eba0982,
        type: 3}
      propertyPath: m_LocalRotation.x
      value: -0
      objectReference: {fileID: 0}
    - target: {fileID: 2423216040390286543, guid: 05b46018a626c7a49ae5edd81eba0982,
        type: 3}
      propertyPath: m_LocalRotation.y
      value: -0
      objectReference: {fileID: 0}
    - target: {fileID: 2423216040390286543, guid: 05b46018a626c7a49ae5edd81eba0982,
        type: 3}
      propertyPath: m_LocalRotation.z
      value: -0
      objectReference: {fileID: 0}
    - target: {fileID: 2423216040390286543, guid: 05b46018a626c7a49ae5edd81eba0982,
        type: 3}
      propertyPath: m_LocalEulerAnglesHint.x
      value: 0
      objectReference: {fileID: 0}
    - target: {fileID: 2423216040390286543, guid: 05b46018a626c7a49ae5edd81eba0982,
        type: 3}
      propertyPath: m_LocalEulerAnglesHint.y
      value: 0
      objectReference: {fileID: 0}
    - target: {fileID: 2423216040390286543, guid: 05b46018a626c7a49ae5edd81eba0982,
        type: 3}
      propertyPath: m_LocalEulerAnglesHint.z
      value: 0
      objectReference: {fileID: 0}
    - target: {fileID: 6079916506518265317, guid: 05b46018a626c7a49ae5edd81eba0982,
        type: 3}
      propertyPath: serializationData.Prefab
      value: 
      objectReference: {fileID: 6079916506518265317, guid: 05b46018a626c7a49ae5edd81eba0982,
        type: 3}
    - target: {fileID: 7702334912174116636, guid: 05b46018a626c7a49ae5edd81eba0982,
        type: 3}
      propertyPath: m_Name
      value: E11
      objectReference: {fileID: 0}
    m_RemovedComponents: []
  m_SourcePrefab: {fileID: 100100000, guid: 05b46018a626c7a49ae5edd81eba0982, type: 3}
--- !u!1 &5669009074957951539 stripped
GameObject:
  m_CorrespondingSourceObject: {fileID: 7702334912174116636, guid: 05b46018a626c7a49ae5edd81eba0982,
    type: 3}
  m_PrefabInstance: {fileID: 2614459967065812271}
  m_PrefabAsset: {fileID: 0}
--- !u!4 &425752182043849184 stripped
Transform:
  m_CorrespondingSourceObject: {fileID: 2423216040390286543, guid: 05b46018a626c7a49ae5edd81eba0982,
    type: 3}
  m_PrefabInstance: {fileID: 2614459967065812271}
  m_PrefabAsset: {fileID: 0}
--- !u!1001 &3022648767099349232
PrefabInstance:
  m_ObjectHideFlags: 0
  serializedVersion: 2
  m_Modification:
    m_TransformParent: {fileID: 777742847697208138}
    m_Modifications:
    - target: {fileID: 932427223720752662, guid: 05b46018a626c7a49ae5edd81eba0982,
        type: 3}
      propertyPath: m_LocalPosition.x
      value: -0.009996429
      objectReference: {fileID: 0}
    - target: {fileID: 932427223720752662, guid: 05b46018a626c7a49ae5edd81eba0982,
        type: 3}
      propertyPath: m_LocalPosition.y
      value: 3.41
      objectReference: {fileID: 0}
    - target: {fileID: 2423216040390286543, guid: 05b46018a626c7a49ae5edd81eba0982,
        type: 3}
      propertyPath: m_RootOrder
      value: 15
      objectReference: {fileID: 0}
    - target: {fileID: 2423216040390286543, guid: 05b46018a626c7a49ae5edd81eba0982,
        type: 3}
      propertyPath: m_LocalPosition.x
      value: 0
      objectReference: {fileID: 0}
    - target: {fileID: 2423216040390286543, guid: 05b46018a626c7a49ae5edd81eba0982,
        type: 3}
      propertyPath: m_LocalPosition.y
      value: -1.5
      objectReference: {fileID: 0}
    - target: {fileID: 2423216040390286543, guid: 05b46018a626c7a49ae5edd81eba0982,
        type: 3}
      propertyPath: m_LocalPosition.z
      value: 0
      objectReference: {fileID: 0}
    - target: {fileID: 2423216040390286543, guid: 05b46018a626c7a49ae5edd81eba0982,
        type: 3}
      propertyPath: m_LocalRotation.w
      value: 0
      objectReference: {fileID: 0}
    - target: {fileID: 2423216040390286543, guid: 05b46018a626c7a49ae5edd81eba0982,
        type: 3}
      propertyPath: m_LocalRotation.x
      value: 0
      objectReference: {fileID: 0}
    - target: {fileID: 2423216040390286543, guid: 05b46018a626c7a49ae5edd81eba0982,
        type: 3}
      propertyPath: m_LocalRotation.y
      value: 0
      objectReference: {fileID: 0}
    - target: {fileID: 2423216040390286543, guid: 05b46018a626c7a49ae5edd81eba0982,
        type: 3}
      propertyPath: m_LocalRotation.z
      value: 1
      objectReference: {fileID: 0}
    - target: {fileID: 2423216040390286543, guid: 05b46018a626c7a49ae5edd81eba0982,
        type: 3}
      propertyPath: m_LocalEulerAnglesHint.x
      value: 0
      objectReference: {fileID: 0}
    - target: {fileID: 2423216040390286543, guid: 05b46018a626c7a49ae5edd81eba0982,
        type: 3}
      propertyPath: m_LocalEulerAnglesHint.y
      value: 0
      objectReference: {fileID: 0}
    - target: {fileID: 2423216040390286543, guid: 05b46018a626c7a49ae5edd81eba0982,
        type: 3}
      propertyPath: m_LocalEulerAnglesHint.z
      value: 180
      objectReference: {fileID: 0}
    - target: {fileID: 6079916506518265317, guid: 05b46018a626c7a49ae5edd81eba0982,
        type: 3}
      propertyPath: serializationData.Prefab
      value: 
      objectReference: {fileID: 6079916506518265317, guid: 05b46018a626c7a49ae5edd81eba0982,
        type: 3}
    - target: {fileID: 7702334912174116636, guid: 05b46018a626c7a49ae5edd81eba0982,
        type: 3}
      propertyPath: m_Name
      value: E11
      objectReference: {fileID: 0}
    m_RemovedComponents: []
  m_SourcePrefab: {fileID: 100100000, guid: 05b46018a626c7a49ae5edd81eba0982, type: 3}
--- !u!4 &599652955595437119 stripped
Transform:
  m_CorrespondingSourceObject: {fileID: 2423216040390286543, guid: 05b46018a626c7a49ae5edd81eba0982,
    type: 3}
  m_PrefabInstance: {fileID: 3022648767099349232}
  m_PrefabAsset: {fileID: 0}
--- !u!1 &4834240103071148012 stripped
GameObject:
  m_CorrespondingSourceObject: {fileID: 7702334912174116636, guid: 05b46018a626c7a49ae5edd81eba0982,
    type: 3}
  m_PrefabInstance: {fileID: 3022648767099349232}
  m_PrefabAsset: {fileID: 0}
--- !u!1001 &3631825168664638757
PrefabInstance:
  m_ObjectHideFlags: 0
  serializedVersion: 2
  m_Modification:
    m_TransformParent: {fileID: 777742847697208138}
    m_Modifications:
    - target: {fileID: 932427223720752662, guid: 05b46018a626c7a49ae5edd81eba0982,
        type: 3}
      propertyPath: m_LocalPosition.x
      value: -0.009996429
      objectReference: {fileID: 0}
    - target: {fileID: 932427223720752662, guid: 05b46018a626c7a49ae5edd81eba0982,
        type: 3}
      propertyPath: m_LocalPosition.y
      value: 3.41
      objectReference: {fileID: 0}
    - target: {fileID: 2423216040390286543, guid: 05b46018a626c7a49ae5edd81eba0982,
        type: 3}
      propertyPath: m_RootOrder
      value: 7
      objectReference: {fileID: 0}
    - target: {fileID: 2423216040390286543, guid: 05b46018a626c7a49ae5edd81eba0982,
        type: 3}
      propertyPath: m_LocalPosition.x
      value: -0.5
      objectReference: {fileID: 0}
    - target: {fileID: 2423216040390286543, guid: 05b46018a626c7a49ae5edd81eba0982,
        type: 3}
      propertyPath: m_LocalPosition.y
      value: -0.5
      objectReference: {fileID: 0}
    - target: {fileID: 2423216040390286543, guid: 05b46018a626c7a49ae5edd81eba0982,
        type: 3}
      propertyPath: m_LocalPosition.z
      value: 0
      objectReference: {fileID: 0}
    - target: {fileID: 2423216040390286543, guid: 05b46018a626c7a49ae5edd81eba0982,
        type: 3}
      propertyPath: m_LocalRotation.w
      value: 1
      objectReference: {fileID: 0}
    - target: {fileID: 2423216040390286543, guid: 05b46018a626c7a49ae5edd81eba0982,
        type: 3}
      propertyPath: m_LocalRotation.x
      value: -0
      objectReference: {fileID: 0}
    - target: {fileID: 2423216040390286543, guid: 05b46018a626c7a49ae5edd81eba0982,
        type: 3}
      propertyPath: m_LocalRotation.y
      value: -0
      objectReference: {fileID: 0}
    - target: {fileID: 2423216040390286543, guid: 05b46018a626c7a49ae5edd81eba0982,
        type: 3}
      propertyPath: m_LocalRotation.z
      value: -0
      objectReference: {fileID: 0}
    - target: {fileID: 2423216040390286543, guid: 05b46018a626c7a49ae5edd81eba0982,
        type: 3}
      propertyPath: m_LocalEulerAnglesHint.x
      value: 0
      objectReference: {fileID: 0}
    - target: {fileID: 2423216040390286543, guid: 05b46018a626c7a49ae5edd81eba0982,
        type: 3}
      propertyPath: m_LocalEulerAnglesHint.y
      value: 0
      objectReference: {fileID: 0}
    - target: {fileID: 2423216040390286543, guid: 05b46018a626c7a49ae5edd81eba0982,
        type: 3}
      propertyPath: m_LocalEulerAnglesHint.z
      value: 0
      objectReference: {fileID: 0}
    - target: {fileID: 6079916506518265317, guid: 05b46018a626c7a49ae5edd81eba0982,
        type: 3}
      propertyPath: serializationData.Prefab
      value: 
      objectReference: {fileID: 6079916506518265317, guid: 05b46018a626c7a49ae5edd81eba0982,
        type: 3}
    - target: {fileID: 7702334912174116636, guid: 05b46018a626c7a49ae5edd81eba0982,
        type: 3}
      propertyPath: m_Name
      value: E11
      objectReference: {fileID: 0}
    m_RemovedComponents: []
  m_SourcePrefab: {fileID: 100100000, guid: 05b46018a626c7a49ae5edd81eba0982, type: 3}
--- !u!1 &6377912311200250425 stripped
GameObject:
  m_CorrespondingSourceObject: {fileID: 7702334912174116636, guid: 05b46018a626c7a49ae5edd81eba0982,
    type: 3}
  m_PrefabInstance: {fileID: 3631825168664638757}
  m_PrefabAsset: {fileID: 0}
--- !u!4 &1424874271693990378 stripped
Transform:
  m_CorrespondingSourceObject: {fileID: 2423216040390286543, guid: 05b46018a626c7a49ae5edd81eba0982,
    type: 3}
  m_PrefabInstance: {fileID: 3631825168664638757}
  m_PrefabAsset: {fileID: 0}
--- !u!1001 &4126017242368986578
PrefabInstance:
  m_ObjectHideFlags: 0
  serializedVersion: 2
  m_Modification:
    m_TransformParent: {fileID: 777742847697208138}
    m_Modifications:
    - target: {fileID: 932427223720752662, guid: 05b46018a626c7a49ae5edd81eba0982,
        type: 3}
      propertyPath: m_LocalPosition.x
      value: -0.009996429
      objectReference: {fileID: 0}
    - target: {fileID: 932427223720752662, guid: 05b46018a626c7a49ae5edd81eba0982,
        type: 3}
      propertyPath: m_LocalPosition.y
      value: 3.41
      objectReference: {fileID: 0}
    - target: {fileID: 2423216040390286543, guid: 05b46018a626c7a49ae5edd81eba0982,
        type: 3}
      propertyPath: m_RootOrder
      value: 14
      objectReference: {fileID: 0}
    - target: {fileID: 2423216040390286543, guid: 05b46018a626c7a49ae5edd81eba0982,
        type: 3}
      propertyPath: m_LocalPosition.x
      value: 1
      objectReference: {fileID: 0}
    - target: {fileID: 2423216040390286543, guid: 05b46018a626c7a49ae5edd81eba0982,
        type: 3}
      propertyPath: m_LocalPosition.y
      value: -1
      objectReference: {fileID: 0}
    - target: {fileID: 2423216040390286543, guid: 05b46018a626c7a49ae5edd81eba0982,
        type: 3}
      propertyPath: m_LocalPosition.z
      value: 0
      objectReference: {fileID: 0}
    - target: {fileID: 2423216040390286543, guid: 05b46018a626c7a49ae5edd81eba0982,
        type: 3}
      propertyPath: m_LocalRotation.w
      value: 0
      objectReference: {fileID: 0}
    - target: {fileID: 2423216040390286543, guid: 05b46018a626c7a49ae5edd81eba0982,
        type: 3}
      propertyPath: m_LocalRotation.x
      value: 0
      objectReference: {fileID: 0}
    - target: {fileID: 2423216040390286543, guid: 05b46018a626c7a49ae5edd81eba0982,
        type: 3}
      propertyPath: m_LocalRotation.y
      value: 0
      objectReference: {fileID: 0}
    - target: {fileID: 2423216040390286543, guid: 05b46018a626c7a49ae5edd81eba0982,
        type: 3}
      propertyPath: m_LocalRotation.z
      value: 1
      objectReference: {fileID: 0}
    - target: {fileID: 2423216040390286543, guid: 05b46018a626c7a49ae5edd81eba0982,
        type: 3}
      propertyPath: m_LocalEulerAnglesHint.x
      value: 0
      objectReference: {fileID: 0}
    - target: {fileID: 2423216040390286543, guid: 05b46018a626c7a49ae5edd81eba0982,
        type: 3}
      propertyPath: m_LocalEulerAnglesHint.y
      value: 0
      objectReference: {fileID: 0}
    - target: {fileID: 2423216040390286543, guid: 05b46018a626c7a49ae5edd81eba0982,
        type: 3}
      propertyPath: m_LocalEulerAnglesHint.z
      value: 180
      objectReference: {fileID: 0}
    - target: {fileID: 6079916506518265317, guid: 05b46018a626c7a49ae5edd81eba0982,
        type: 3}
      propertyPath: serializationData.Prefab
      value: 
      objectReference: {fileID: 6079916506518265317, guid: 05b46018a626c7a49ae5edd81eba0982,
        type: 3}
    - target: {fileID: 7702334912174116636, guid: 05b46018a626c7a49ae5edd81eba0982,
        type: 3}
      propertyPath: m_Name
      value: E11
      objectReference: {fileID: 0}
    m_RemovedComponents: []
  m_SourcePrefab: {fileID: 100100000, guid: 05b46018a626c7a49ae5edd81eba0982, type: 3}
--- !u!1 &6027714167907025614 stripped
GameObject:
  m_CorrespondingSourceObject: {fileID: 7702334912174116636, guid: 05b46018a626c7a49ae5edd81eba0982,
    type: 3}
  m_PrefabInstance: {fileID: 4126017242368986578}
  m_PrefabAsset: {fileID: 0}
--- !u!4 &1793119795491082525 stripped
Transform:
  m_CorrespondingSourceObject: {fileID: 2423216040390286543, guid: 05b46018a626c7a49ae5edd81eba0982,
    type: 3}
  m_PrefabInstance: {fileID: 4126017242368986578}
  m_PrefabAsset: {fileID: 0}
--- !u!1001 &4431028024599252797
PrefabInstance:
  m_ObjectHideFlags: 0
  serializedVersion: 2
  m_Modification:
    m_TransformParent: {fileID: 777742847697208138}
    m_Modifications:
    - target: {fileID: 932427223720752662, guid: 05b46018a626c7a49ae5edd81eba0982,
        type: 3}
      propertyPath: m_LocalPosition.x
      value: -0.009996429
      objectReference: {fileID: 0}
    - target: {fileID: 932427223720752662, guid: 05b46018a626c7a49ae5edd81eba0982,
        type: 3}
      propertyPath: m_LocalPosition.y
      value: 3.41
      objectReference: {fileID: 0}
    - target: {fileID: 2423216040390286543, guid: 05b46018a626c7a49ae5edd81eba0982,
        type: 3}
      propertyPath: m_RootOrder
      value: 4
      objectReference: {fileID: 0}
    - target: {fileID: 2423216040390286543, guid: 05b46018a626c7a49ae5edd81eba0982,
        type: 3}
      propertyPath: m_LocalPosition.x
      value: 1
      objectReference: {fileID: 0}
    - target: {fileID: 2423216040390286543, guid: 05b46018a626c7a49ae5edd81eba0982,
        type: 3}
      propertyPath: m_LocalPosition.y
      value: 0
      objectReference: {fileID: 0}
    - target: {fileID: 2423216040390286543, guid: 05b46018a626c7a49ae5edd81eba0982,
        type: 3}
      propertyPath: m_LocalPosition.z
      value: 0
      objectReference: {fileID: 0}
    - target: {fileID: 2423216040390286543, guid: 05b46018a626c7a49ae5edd81eba0982,
        type: 3}
      propertyPath: m_LocalRotation.w
      value: 1
      objectReference: {fileID: 0}
    - target: {fileID: 2423216040390286543, guid: 05b46018a626c7a49ae5edd81eba0982,
        type: 3}
      propertyPath: m_LocalRotation.x
      value: -0
      objectReference: {fileID: 0}
    - target: {fileID: 2423216040390286543, guid: 05b46018a626c7a49ae5edd81eba0982,
        type: 3}
      propertyPath: m_LocalRotation.y
      value: -0
      objectReference: {fileID: 0}
    - target: {fileID: 2423216040390286543, guid: 05b46018a626c7a49ae5edd81eba0982,
        type: 3}
      propertyPath: m_LocalRotation.z
      value: -0
      objectReference: {fileID: 0}
    - target: {fileID: 2423216040390286543, guid: 05b46018a626c7a49ae5edd81eba0982,
        type: 3}
      propertyPath: m_LocalEulerAnglesHint.x
      value: 0
      objectReference: {fileID: 0}
    - target: {fileID: 2423216040390286543, guid: 05b46018a626c7a49ae5edd81eba0982,
        type: 3}
      propertyPath: m_LocalEulerAnglesHint.y
      value: 0
      objectReference: {fileID: 0}
    - target: {fileID: 2423216040390286543, guid: 05b46018a626c7a49ae5edd81eba0982,
        type: 3}
      propertyPath: m_LocalEulerAnglesHint.z
      value: 0
      objectReference: {fileID: 0}
    - target: {fileID: 6079916506518265317, guid: 05b46018a626c7a49ae5edd81eba0982,
        type: 3}
      propertyPath: serializationData.Prefab
      value: 
      objectReference: {fileID: 6079916506518265317, guid: 05b46018a626c7a49ae5edd81eba0982,
        type: 3}
    - target: {fileID: 7702334912174116636, guid: 05b46018a626c7a49ae5edd81eba0982,
        type: 3}
      propertyPath: m_Name
      value: E11
      objectReference: {fileID: 0}
    m_RemovedComponents: []
  m_SourcePrefab: {fileID: 100100000, guid: 05b46018a626c7a49ae5edd81eba0982, type: 3}
--- !u!4 &2080331685638427634 stripped
Transform:
  m_CorrespondingSourceObject: {fileID: 2423216040390286543, guid: 05b46018a626c7a49ae5edd81eba0982,
    type: 3}
  m_PrefabInstance: {fileID: 4431028024599252797}
  m_PrefabAsset: {fileID: 0}
--- !u!1 &6312388924235857953 stripped
GameObject:
  m_CorrespondingSourceObject: {fileID: 7702334912174116636, guid: 05b46018a626c7a49ae5edd81eba0982,
    type: 3}
  m_PrefabInstance: {fileID: 4431028024599252797}
  m_PrefabAsset: {fileID: 0}
--- !u!1001 &4942395061253096117
PrefabInstance:
  m_ObjectHideFlags: 0
  serializedVersion: 2
  m_Modification:
    m_TransformParent: {fileID: 777742847697208138}
    m_Modifications:
    - target: {fileID: 932427223720752662, guid: 05b46018a626c7a49ae5edd81eba0982,
        type: 3}
      propertyPath: m_LocalPosition.x
      value: -0.009996429
      objectReference: {fileID: 0}
    - target: {fileID: 932427223720752662, guid: 05b46018a626c7a49ae5edd81eba0982,
        type: 3}
      propertyPath: m_LocalPosition.y
      value: 3.41
      objectReference: {fileID: 0}
    - target: {fileID: 2423216040390286543, guid: 05b46018a626c7a49ae5edd81eba0982,
        type: 3}
      propertyPath: m_RootOrder
      value: 9
      objectReference: {fileID: 0}
    - target: {fileID: 2423216040390286543, guid: 05b46018a626c7a49ae5edd81eba0982,
        type: 3}
      propertyPath: m_LocalPosition.x
      value: 1
      objectReference: {fileID: 0}
    - target: {fileID: 2423216040390286543, guid: 05b46018a626c7a49ae5edd81eba0982,
        type: 3}
      propertyPath: m_LocalPosition.y
      value: -0.5
      objectReference: {fileID: 0}
    - target: {fileID: 2423216040390286543, guid: 05b46018a626c7a49ae5edd81eba0982,
        type: 3}
      propertyPath: m_LocalPosition.z
      value: 0
      objectReference: {fileID: 0}
    - target: {fileID: 2423216040390286543, guid: 05b46018a626c7a49ae5edd81eba0982,
        type: 3}
      propertyPath: m_LocalRotation.w
      value: 1
      objectReference: {fileID: 0}
    - target: {fileID: 2423216040390286543, guid: 05b46018a626c7a49ae5edd81eba0982,
        type: 3}
      propertyPath: m_LocalRotation.x
      value: -0
      objectReference: {fileID: 0}
    - target: {fileID: 2423216040390286543, guid: 05b46018a626c7a49ae5edd81eba0982,
        type: 3}
      propertyPath: m_LocalRotation.y
      value: -0
      objectReference: {fileID: 0}
    - target: {fileID: 2423216040390286543, guid: 05b46018a626c7a49ae5edd81eba0982,
        type: 3}
      propertyPath: m_LocalRotation.z
      value: -0
      objectReference: {fileID: 0}
    - target: {fileID: 2423216040390286543, guid: 05b46018a626c7a49ae5edd81eba0982,
        type: 3}
      propertyPath: m_LocalEulerAnglesHint.x
      value: 0
      objectReference: {fileID: 0}
    - target: {fileID: 2423216040390286543, guid: 05b46018a626c7a49ae5edd81eba0982,
        type: 3}
      propertyPath: m_LocalEulerAnglesHint.y
      value: 0
      objectReference: {fileID: 0}
    - target: {fileID: 2423216040390286543, guid: 05b46018a626c7a49ae5edd81eba0982,
        type: 3}
      propertyPath: m_LocalEulerAnglesHint.z
      value: 0
      objectReference: {fileID: 0}
    - target: {fileID: 6079916506518265317, guid: 05b46018a626c7a49ae5edd81eba0982,
        type: 3}
      propertyPath: serializationData.Prefab
      value: 
      objectReference: {fileID: 6079916506518265317, guid: 05b46018a626c7a49ae5edd81eba0982,
        type: 3}
    - target: {fileID: 7702334912174116636, guid: 05b46018a626c7a49ae5edd81eba0982,
        type: 3}
      propertyPath: m_Name
      value: E11
      objectReference: {fileID: 0}
    m_RemovedComponents: []
  m_SourcePrefab: {fileID: 100100000, guid: 05b46018a626c7a49ae5edd81eba0982, type: 3}
--- !u!4 &7293038882304499322 stripped
Transform:
  m_CorrespondingSourceObject: {fileID: 2423216040390286543, guid: 05b46018a626c7a49ae5edd81eba0982,
    type: 3}
  m_PrefabInstance: {fileID: 4942395061253096117}
  m_PrefabAsset: {fileID: 0}
--- !u!1 &3346978079046667689 stripped
GameObject:
  m_CorrespondingSourceObject: {fileID: 7702334912174116636, guid: 05b46018a626c7a49ae5edd81eba0982,
    type: 3}
  m_PrefabInstance: {fileID: 4942395061253096117}
  m_PrefabAsset: {fileID: 0}
--- !u!1001 &5715224911423280278
PrefabInstance:
  m_ObjectHideFlags: 0
  serializedVersion: 2
  m_Modification:
    m_TransformParent: {fileID: 777742847697208138}
    m_Modifications:
    - target: {fileID: 932427223720752662, guid: 05b46018a626c7a49ae5edd81eba0982,
        type: 3}
      propertyPath: m_LocalPosition.x
      value: -0.009996429
      objectReference: {fileID: 0}
    - target: {fileID: 932427223720752662, guid: 05b46018a626c7a49ae5edd81eba0982,
        type: 3}
      propertyPath: m_LocalPosition.y
      value: 3.41
      objectReference: {fileID: 0}
    - target: {fileID: 2423216040390286543, guid: 05b46018a626c7a49ae5edd81eba0982,
        type: 3}
      propertyPath: m_RootOrder
      value: 8
      objectReference: {fileID: 0}
    - target: {fileID: 2423216040390286543, guid: 05b46018a626c7a49ae5edd81eba0982,
        type: 3}
      propertyPath: m_LocalPosition.x
      value: -1
      objectReference: {fileID: 0}
    - target: {fileID: 2423216040390286543, guid: 05b46018a626c7a49ae5edd81eba0982,
        type: 3}
      propertyPath: m_LocalPosition.y
      value: -0.5
      objectReference: {fileID: 0}
    - target: {fileID: 2423216040390286543, guid: 05b46018a626c7a49ae5edd81eba0982,
        type: 3}
      propertyPath: m_LocalPosition.z
      value: 0
      objectReference: {fileID: 0}
    - target: {fileID: 2423216040390286543, guid: 05b46018a626c7a49ae5edd81eba0982,
        type: 3}
      propertyPath: m_LocalRotation.w
      value: 1
      objectReference: {fileID: 0}
    - target: {fileID: 2423216040390286543, guid: 05b46018a626c7a49ae5edd81eba0982,
        type: 3}
      propertyPath: m_LocalRotation.x
      value: -0
      objectReference: {fileID: 0}
    - target: {fileID: 2423216040390286543, guid: 05b46018a626c7a49ae5edd81eba0982,
        type: 3}
      propertyPath: m_LocalRotation.y
      value: -0
      objectReference: {fileID: 0}
    - target: {fileID: 2423216040390286543, guid: 05b46018a626c7a49ae5edd81eba0982,
        type: 3}
      propertyPath: m_LocalRotation.z
      value: -0
      objectReference: {fileID: 0}
    - target: {fileID: 2423216040390286543, guid: 05b46018a626c7a49ae5edd81eba0982,
        type: 3}
      propertyPath: m_LocalEulerAnglesHint.x
      value: 0
      objectReference: {fileID: 0}
    - target: {fileID: 2423216040390286543, guid: 05b46018a626c7a49ae5edd81eba0982,
        type: 3}
      propertyPath: m_LocalEulerAnglesHint.y
      value: 0
      objectReference: {fileID: 0}
    - target: {fileID: 2423216040390286543, guid: 05b46018a626c7a49ae5edd81eba0982,
        type: 3}
      propertyPath: m_LocalEulerAnglesHint.z
      value: 0
      objectReference: {fileID: 0}
    - target: {fileID: 6079916506518265317, guid: 05b46018a626c7a49ae5edd81eba0982,
        type: 3}
      propertyPath: serializationData.Prefab
      value: 
      objectReference: {fileID: 6079916506518265317, guid: 05b46018a626c7a49ae5edd81eba0982,
        type: 3}
    - target: {fileID: 7702334912174116636, guid: 05b46018a626c7a49ae5edd81eba0982,
        type: 3}
      propertyPath: m_Name
      value: E11
      objectReference: {fileID: 0}
    m_RemovedComponents: []
  m_SourcePrefab: {fileID: 100100000, guid: 05b46018a626c7a49ae5edd81eba0982, type: 3}
--- !u!4 &7994013448736655449 stripped
Transform:
  m_CorrespondingSourceObject: {fileID: 2423216040390286543, guid: 05b46018a626c7a49ae5edd81eba0982,
    type: 3}
  m_PrefabInstance: {fileID: 5715224911423280278}
  m_PrefabAsset: {fileID: 0}
--- !u!1 &2717005442514639754 stripped
GameObject:
  m_CorrespondingSourceObject: {fileID: 7702334912174116636, guid: 05b46018a626c7a49ae5edd81eba0982,
    type: 3}
  m_PrefabInstance: {fileID: 5715224911423280278}
  m_PrefabAsset: {fileID: 0}
--- !u!1001 &6243006457140330128
PrefabInstance:
  m_ObjectHideFlags: 0
  serializedVersion: 2
  m_Modification:
    m_TransformParent: {fileID: 777742847697208138}
    m_Modifications:
    - target: {fileID: 932427223720752662, guid: 05b46018a626c7a49ae5edd81eba0982,
        type: 3}
      propertyPath: m_LocalPosition.x
      value: -0.009996429
      objectReference: {fileID: 0}
    - target: {fileID: 932427223720752662, guid: 05b46018a626c7a49ae5edd81eba0982,
        type: 3}
      propertyPath: m_LocalPosition.y
      value: 3.41
      objectReference: {fileID: 0}
    - target: {fileID: 2423216040390286543, guid: 05b46018a626c7a49ae5edd81eba0982,
        type: 3}
      propertyPath: m_RootOrder
      value: 16
      objectReference: {fileID: 0}
    - target: {fileID: 2423216040390286543, guid: 05b46018a626c7a49ae5edd81eba0982,
        type: 3}
      propertyPath: m_LocalPosition.x
      value: 0.5
      objectReference: {fileID: 0}
    - target: {fileID: 2423216040390286543, guid: 05b46018a626c7a49ae5edd81eba0982,
        type: 3}
      propertyPath: m_LocalPosition.y
      value: -1.5
      objectReference: {fileID: 0}
    - target: {fileID: 2423216040390286543, guid: 05b46018a626c7a49ae5edd81eba0982,
        type: 3}
      propertyPath: m_LocalPosition.z
      value: 0
      objectReference: {fileID: 0}
    - target: {fileID: 2423216040390286543, guid: 05b46018a626c7a49ae5edd81eba0982,
        type: 3}
      propertyPath: m_LocalRotation.w
      value: 0
      objectReference: {fileID: 0}
    - target: {fileID: 2423216040390286543, guid: 05b46018a626c7a49ae5edd81eba0982,
        type: 3}
      propertyPath: m_LocalRotation.x
      value: 0
      objectReference: {fileID: 0}
    - target: {fileID: 2423216040390286543, guid: 05b46018a626c7a49ae5edd81eba0982,
        type: 3}
      propertyPath: m_LocalRotation.y
      value: 0
      objectReference: {fileID: 0}
    - target: {fileID: 2423216040390286543, guid: 05b46018a626c7a49ae5edd81eba0982,
        type: 3}
      propertyPath: m_LocalRotation.z
      value: 1
      objectReference: {fileID: 0}
    - target: {fileID: 2423216040390286543, guid: 05b46018a626c7a49ae5edd81eba0982,
        type: 3}
      propertyPath: m_LocalEulerAnglesHint.x
      value: 0
      objectReference: {fileID: 0}
    - target: {fileID: 2423216040390286543, guid: 05b46018a626c7a49ae5edd81eba0982,
        type: 3}
      propertyPath: m_LocalEulerAnglesHint.y
      value: 0
      objectReference: {fileID: 0}
    - target: {fileID: 2423216040390286543, guid: 05b46018a626c7a49ae5edd81eba0982,
        type: 3}
      propertyPath: m_LocalEulerAnglesHint.z
      value: 180
      objectReference: {fileID: 0}
    - target: {fileID: 6079916506518265317, guid: 05b46018a626c7a49ae5edd81eba0982,
        type: 3}
      propertyPath: serializationData.Prefab
      value: 
      objectReference: {fileID: 6079916506518265317, guid: 05b46018a626c7a49ae5edd81eba0982,
        type: 3}
    - target: {fileID: 7702334912174116636, guid: 05b46018a626c7a49ae5edd81eba0982,
        type: 3}
      propertyPath: m_Name
      value: E11
      objectReference: {fileID: 0}
    m_RemovedComponents: []
  m_SourcePrefab: {fileID: 100100000, guid: 05b46018a626c7a49ae5edd81eba0982, type: 3}
--- !u!1 &4343631135141261708 stripped
GameObject:
  m_CorrespondingSourceObject: {fileID: 7702334912174116636, guid: 05b46018a626c7a49ae5edd81eba0982,
    type: 3}
  m_PrefabInstance: {fileID: 6243006457140330128}
  m_PrefabAsset: {fileID: 0}
--- !u!4 &8575807438017290847 stripped
Transform:
  m_CorrespondingSourceObject: {fileID: 2423216040390286543, guid: 05b46018a626c7a49ae5edd81eba0982,
    type: 3}
  m_PrefabInstance: {fileID: 6243006457140330128}
  m_PrefabAsset: {fileID: 0}
--- !u!1001 &6283633270250216991
PrefabInstance:
  m_ObjectHideFlags: 0
  serializedVersion: 2
  m_Modification:
    m_TransformParent: {fileID: 777742847697208138}
    m_Modifications:
    - target: {fileID: 932427223720752662, guid: 05b46018a626c7a49ae5edd81eba0982,
        type: 3}
      propertyPath: m_LocalPosition.x
      value: -0.009996429
      objectReference: {fileID: 0}
    - target: {fileID: 932427223720752662, guid: 05b46018a626c7a49ae5edd81eba0982,
        type: 3}
      propertyPath: m_LocalPosition.y
      value: 3.41
      objectReference: {fileID: 0}
    - target: {fileID: 2423216040390286543, guid: 05b46018a626c7a49ae5edd81eba0982,
        type: 3}
      propertyPath: m_RootOrder
      value: 1
      objectReference: {fileID: 0}
    - target: {fileID: 2423216040390286543, guid: 05b46018a626c7a49ae5edd81eba0982,
        type: 3}
      propertyPath: m_LocalPosition.x
      value: 0.5
      objectReference: {fileID: 0}
    - target: {fileID: 2423216040390286543, guid: 05b46018a626c7a49ae5edd81eba0982,
        type: 3}
      propertyPath: m_LocalPosition.y
      value: 0
      objectReference: {fileID: 0}
    - target: {fileID: 2423216040390286543, guid: 05b46018a626c7a49ae5edd81eba0982,
        type: 3}
      propertyPath: m_LocalPosition.z
      value: 0
      objectReference: {fileID: 0}
    - target: {fileID: 2423216040390286543, guid: 05b46018a626c7a49ae5edd81eba0982,
        type: 3}
      propertyPath: m_LocalRotation.w
      value: 1
      objectReference: {fileID: 0}
    - target: {fileID: 2423216040390286543, guid: 05b46018a626c7a49ae5edd81eba0982,
        type: 3}
      propertyPath: m_LocalRotation.x
      value: -0
      objectReference: {fileID: 0}
    - target: {fileID: 2423216040390286543, guid: 05b46018a626c7a49ae5edd81eba0982,
        type: 3}
      propertyPath: m_LocalRotation.y
      value: -0
      objectReference: {fileID: 0}
    - target: {fileID: 2423216040390286543, guid: 05b46018a626c7a49ae5edd81eba0982,
        type: 3}
      propertyPath: m_LocalRotation.z
      value: -0
      objectReference: {fileID: 0}
    - target: {fileID: 2423216040390286543, guid: 05b46018a626c7a49ae5edd81eba0982,
        type: 3}
      propertyPath: m_LocalEulerAnglesHint.x
      value: 0
      objectReference: {fileID: 0}
    - target: {fileID: 2423216040390286543, guid: 05b46018a626c7a49ae5edd81eba0982,
        type: 3}
      propertyPath: m_LocalEulerAnglesHint.y
      value: 0
      objectReference: {fileID: 0}
    - target: {fileID: 2423216040390286543, guid: 05b46018a626c7a49ae5edd81eba0982,
        type: 3}
      propertyPath: m_LocalEulerAnglesHint.z
      value: 0
      objectReference: {fileID: 0}
    - target: {fileID: 6079916506518265317, guid: 05b46018a626c7a49ae5edd81eba0982,
        type: 3}
      propertyPath: serializationData.Prefab
      value: 
      objectReference: {fileID: 6079916506518265317, guid: 05b46018a626c7a49ae5edd81eba0982,
        type: 3}
    - target: {fileID: 7702334912174116636, guid: 05b46018a626c7a49ae5edd81eba0982,
        type: 3}
      propertyPath: m_Name
      value: E11
      objectReference: {fileID: 0}
    m_RemovedComponents: []
  m_SourcePrefab: {fileID: 100100000, guid: 05b46018a626c7a49ae5edd81eba0982, type: 3}
--- !u!4 &8544187266085077712 stripped
Transform:
  m_CorrespondingSourceObject: {fileID: 2423216040390286543, guid: 05b46018a626c7a49ae5edd81eba0982,
    type: 3}
  m_PrefabInstance: {fileID: 6283633270250216991}
  m_PrefabAsset: {fileID: 0}
--- !u!1 &4456245731487731971 stripped
GameObject:
  m_CorrespondingSourceObject: {fileID: 7702334912174116636, guid: 05b46018a626c7a49ae5edd81eba0982,
    type: 3}
  m_PrefabInstance: {fileID: 6283633270250216991}
  m_PrefabAsset: {fileID: 0}
--- !u!1001 &6542540623503669593
PrefabInstance:
  m_ObjectHideFlags: 0
  serializedVersion: 2
  m_Modification:
    m_TransformParent: {fileID: 777742847697208138}
    m_Modifications:
    - target: {fileID: 932427223720752662, guid: 05b46018a626c7a49ae5edd81eba0982,
        type: 3}
      propertyPath: m_LocalPosition.x
      value: -0.009996429
      objectReference: {fileID: 0}
    - target: {fileID: 932427223720752662, guid: 05b46018a626c7a49ae5edd81eba0982,
        type: 3}
      propertyPath: m_LocalPosition.y
      value: 3.41
      objectReference: {fileID: 0}
    - target: {fileID: 2423216040390286543, guid: 05b46018a626c7a49ae5edd81eba0982,
        type: 3}
      propertyPath: m_RootOrder
      value: 12
      objectReference: {fileID: 0}
    - target: {fileID: 2423216040390286543, guid: 05b46018a626c7a49ae5edd81eba0982,
        type: 3}
      propertyPath: m_LocalPosition.x
      value: -0.5
      objectReference: {fileID: 0}
    - target: {fileID: 2423216040390286543, guid: 05b46018a626c7a49ae5edd81eba0982,
        type: 3}
      propertyPath: m_LocalPosition.y
      value: -1
      objectReference: {fileID: 0}
    - target: {fileID: 2423216040390286543, guid: 05b46018a626c7a49ae5edd81eba0982,
        type: 3}
      propertyPath: m_LocalPosition.z
      value: 0
      objectReference: {fileID: 0}
    - target: {fileID: 2423216040390286543, guid: 05b46018a626c7a49ae5edd81eba0982,
        type: 3}
      propertyPath: m_LocalRotation.w
      value: 0
      objectReference: {fileID: 0}
    - target: {fileID: 2423216040390286543, guid: 05b46018a626c7a49ae5edd81eba0982,
        type: 3}
      propertyPath: m_LocalRotation.x
      value: 0
      objectReference: {fileID: 0}
    - target: {fileID: 2423216040390286543, guid: 05b46018a626c7a49ae5edd81eba0982,
        type: 3}
      propertyPath: m_LocalRotation.y
      value: 0
      objectReference: {fileID: 0}
    - target: {fileID: 2423216040390286543, guid: 05b46018a626c7a49ae5edd81eba0982,
        type: 3}
      propertyPath: m_LocalRotation.z
      value: 1
      objectReference: {fileID: 0}
    - target: {fileID: 2423216040390286543, guid: 05b46018a626c7a49ae5edd81eba0982,
        type: 3}
      propertyPath: m_LocalEulerAnglesHint.x
      value: 0
      objectReference: {fileID: 0}
    - target: {fileID: 2423216040390286543, guid: 05b46018a626c7a49ae5edd81eba0982,
        type: 3}
      propertyPath: m_LocalEulerAnglesHint.y
      value: 0
      objectReference: {fileID: 0}
    - target: {fileID: 2423216040390286543, guid: 05b46018a626c7a49ae5edd81eba0982,
        type: 3}
      propertyPath: m_LocalEulerAnglesHint.z
      value: 180
      objectReference: {fileID: 0}
    - target: {fileID: 6079916506518265317, guid: 05b46018a626c7a49ae5edd81eba0982,
        type: 3}
      propertyPath: serializationData.Prefab
      value: 
      objectReference: {fileID: 6079916506518265317, guid: 05b46018a626c7a49ae5edd81eba0982,
        type: 3}
    - target: {fileID: 7702334912174116636, guid: 05b46018a626c7a49ae5edd81eba0982,
        type: 3}
      propertyPath: m_Name
      value: E11
      objectReference: {fileID: 0}
    m_RemovedComponents: []
  m_SourcePrefab: {fileID: 100100000, guid: 05b46018a626c7a49ae5edd81eba0982, type: 3}
--- !u!4 &8893263663234966934 stripped
Transform:
  m_CorrespondingSourceObject: {fileID: 2423216040390286543, guid: 05b46018a626c7a49ae5edd81eba0982,
    type: 3}
  m_PrefabInstance: {fileID: 6542540623503669593}
  m_PrefabAsset: {fileID: 0}
--- !u!1 &3472265158280476229 stripped
GameObject:
  m_CorrespondingSourceObject: {fileID: 7702334912174116636, guid: 05b46018a626c7a49ae5edd81eba0982,
    type: 3}
  m_PrefabInstance: {fileID: 6542540623503669593}
  m_PrefabAsset: {fileID: 0}
--- !u!1001 &7232963387627645076
PrefabInstance:
  m_ObjectHideFlags: 0
  serializedVersion: 2
  m_Modification:
    m_TransformParent: {fileID: 777742847697208138}
    m_Modifications:
    - target: {fileID: 932427223720752662, guid: 05b46018a626c7a49ae5edd81eba0982,
        type: 3}
      propertyPath: m_LocalPosition.x
      value: -0.009996429
      objectReference: {fileID: 0}
    - target: {fileID: 932427223720752662, guid: 05b46018a626c7a49ae5edd81eba0982,
        type: 3}
      propertyPath: m_LocalPosition.y
      value: 3.41
      objectReference: {fileID: 0}
    - target: {fileID: 2423216040390286543, guid: 05b46018a626c7a49ae5edd81eba0982,
        type: 3}
      propertyPath: m_RootOrder
      value: 3
      objectReference: {fileID: 0}
    - target: {fileID: 2423216040390286543, guid: 05b46018a626c7a49ae5edd81eba0982,
        type: 3}
      propertyPath: m_LocalPosition.x
      value: -1
      objectReference: {fileID: 0}
    - target: {fileID: 2423216040390286543, guid: 05b46018a626c7a49ae5edd81eba0982,
        type: 3}
      propertyPath: m_LocalPosition.y
      value: 0
      objectReference: {fileID: 0}
    - target: {fileID: 2423216040390286543, guid: 05b46018a626c7a49ae5edd81eba0982,
        type: 3}
      propertyPath: m_LocalPosition.z
      value: 0
      objectReference: {fileID: 0}
    - target: {fileID: 2423216040390286543, guid: 05b46018a626c7a49ae5edd81eba0982,
        type: 3}
      propertyPath: m_LocalRotation.w
      value: 1
      objectReference: {fileID: 0}
    - target: {fileID: 2423216040390286543, guid: 05b46018a626c7a49ae5edd81eba0982,
        type: 3}
      propertyPath: m_LocalRotation.x
      value: -0
      objectReference: {fileID: 0}
    - target: {fileID: 2423216040390286543, guid: 05b46018a626c7a49ae5edd81eba0982,
        type: 3}
      propertyPath: m_LocalRotation.y
      value: -0
      objectReference: {fileID: 0}
    - target: {fileID: 2423216040390286543, guid: 05b46018a626c7a49ae5edd81eba0982,
        type: 3}
      propertyPath: m_LocalRotation.z
      value: -0
      objectReference: {fileID: 0}
    - target: {fileID: 2423216040390286543, guid: 05b46018a626c7a49ae5edd81eba0982,
        type: 3}
      propertyPath: m_LocalEulerAnglesHint.x
      value: 0
      objectReference: {fileID: 0}
    - target: {fileID: 2423216040390286543, guid: 05b46018a626c7a49ae5edd81eba0982,
        type: 3}
      propertyPath: m_LocalEulerAnglesHint.y
      value: 0
      objectReference: {fileID: 0}
    - target: {fileID: 2423216040390286543, guid: 05b46018a626c7a49ae5edd81eba0982,
        type: 3}
      propertyPath: m_LocalEulerAnglesHint.z
      value: 0
      objectReference: {fileID: 0}
    - target: {fileID: 6079916506518265317, guid: 05b46018a626c7a49ae5edd81eba0982,
        type: 3}
      propertyPath: serializationData.Prefab
      value: 
      objectReference: {fileID: 6079916506518265317, guid: 05b46018a626c7a49ae5edd81eba0982,
        type: 3}
    - target: {fileID: 7702334912174116636, guid: 05b46018a626c7a49ae5edd81eba0982,
        type: 3}
      propertyPath: m_Name
      value: E11
      objectReference: {fileID: 0}
    m_RemovedComponents: []
  m_SourcePrefab: {fileID: 100100000, guid: 05b46018a626c7a49ae5edd81eba0982, type: 3}
--- !u!4 &5026118096374363227 stripped
Transform:
  m_CorrespondingSourceObject: {fileID: 2423216040390286543, guid: 05b46018a626c7a49ae5edd81eba0982,
    type: 3}
  m_PrefabInstance: {fileID: 7232963387627645076}
  m_PrefabAsset: {fileID: 0}
--- !u!1 &1046125021846169480 stripped
GameObject:
  m_CorrespondingSourceObject: {fileID: 7702334912174116636, guid: 05b46018a626c7a49ae5edd81eba0982,
    type: 3}
  m_PrefabInstance: {fileID: 7232963387627645076}
  m_PrefabAsset: {fileID: 0}
--- !u!1001 &7288211715934543560
PrefabInstance:
  m_ObjectHideFlags: 0
  serializedVersion: 2
  m_Modification:
    m_TransformParent: {fileID: 777742847697208138}
    m_Modifications:
    - target: {fileID: 932427223720752662, guid: 05b46018a626c7a49ae5edd81eba0982,
        type: 3}
      propertyPath: m_LocalPosition.x
      value: -0.009996429
      objectReference: {fileID: 0}
    - target: {fileID: 932427223720752662, guid: 05b46018a626c7a49ae5edd81eba0982,
        type: 3}
      propertyPath: m_LocalPosition.y
      value: 3.41
      objectReference: {fileID: 0}
    - target: {fileID: 2423216040390286543, guid: 05b46018a626c7a49ae5edd81eba0982,
        type: 3}
      propertyPath: m_RootOrder
      value: 5
      objectReference: {fileID: 0}
    - target: {fileID: 2423216040390286543, guid: 05b46018a626c7a49ae5edd81eba0982,
        type: 3}
      propertyPath: m_LocalPosition.x
      value: 0
      objectReference: {fileID: 0}
    - target: {fileID: 2423216040390286543, guid: 05b46018a626c7a49ae5edd81eba0982,
        type: 3}
      propertyPath: m_LocalPosition.y
      value: -0.5
      objectReference: {fileID: 0}
    - target: {fileID: 2423216040390286543, guid: 05b46018a626c7a49ae5edd81eba0982,
        type: 3}
      propertyPath: m_LocalPosition.z
      value: 0
      objectReference: {fileID: 0}
    - target: {fileID: 2423216040390286543, guid: 05b46018a626c7a49ae5edd81eba0982,
        type: 3}
      propertyPath: m_LocalRotation.w
      value: 1
      objectReference: {fileID: 0}
    - target: {fileID: 2423216040390286543, guid: 05b46018a626c7a49ae5edd81eba0982,
        type: 3}
      propertyPath: m_LocalRotation.x
      value: -0
      objectReference: {fileID: 0}
    - target: {fileID: 2423216040390286543, guid: 05b46018a626c7a49ae5edd81eba0982,
        type: 3}
      propertyPath: m_LocalRotation.y
      value: -0
      objectReference: {fileID: 0}
    - target: {fileID: 2423216040390286543, guid: 05b46018a626c7a49ae5edd81eba0982,
        type: 3}
      propertyPath: m_LocalRotation.z
      value: -0
      objectReference: {fileID: 0}
    - target: {fileID: 2423216040390286543, guid: 05b46018a626c7a49ae5edd81eba0982,
        type: 3}
      propertyPath: m_LocalEulerAnglesHint.x
      value: 0
      objectReference: {fileID: 0}
    - target: {fileID: 2423216040390286543, guid: 05b46018a626c7a49ae5edd81eba0982,
        type: 3}
      propertyPath: m_LocalEulerAnglesHint.y
      value: 0
      objectReference: {fileID: 0}
    - target: {fileID: 2423216040390286543, guid: 05b46018a626c7a49ae5edd81eba0982,
        type: 3}
      propertyPath: m_LocalEulerAnglesHint.z
      value: 0
      objectReference: {fileID: 0}
    - target: {fileID: 6079916506518265317, guid: 05b46018a626c7a49ae5edd81eba0982,
        type: 3}
      propertyPath: serializationData.Prefab
      value: 
      objectReference: {fileID: 6079916506518265317, guid: 05b46018a626c7a49ae5edd81eba0982,
        type: 3}
    - target: {fileID: 7702334912174116636, guid: 05b46018a626c7a49ae5edd81eba0982,
        type: 3}
      propertyPath: m_Name
      value: E11
      objectReference: {fileID: 0}
    m_RemovedComponents: []
  m_SourcePrefab: {fileID: 100100000, guid: 05b46018a626c7a49ae5edd81eba0982, type: 3}
--- !u!4 &4937092903720944135 stripped
Transform:
  m_CorrespondingSourceObject: {fileID: 2423216040390286543, guid: 05b46018a626c7a49ae5edd81eba0982,
    type: 3}
  m_PrefabInstance: {fileID: 7288211715934543560}
  m_PrefabAsset: {fileID: 0}
--- !u!1 &1135150355146084820 stripped
GameObject:
  m_CorrespondingSourceObject: {fileID: 7702334912174116636, guid: 05b46018a626c7a49ae5edd81eba0982,
    type: 3}
  m_PrefabInstance: {fileID: 7288211715934543560}
  m_PrefabAsset: {fileID: 0}
--- !u!1001 &9011526142886382902
PrefabInstance:
  m_ObjectHideFlags: 0
  serializedVersion: 2
  m_Modification:
    m_TransformParent: {fileID: 777742847697208138}
    m_Modifications:
    - target: {fileID: 932427223720752662, guid: 05b46018a626c7a49ae5edd81eba0982,
        type: 3}
      propertyPath: m_LocalPosition.x
      value: -0.009996429
      objectReference: {fileID: 0}
    - target: {fileID: 932427223720752662, guid: 05b46018a626c7a49ae5edd81eba0982,
        type: 3}
      propertyPath: m_LocalPosition.y
      value: 3.41
      objectReference: {fileID: 0}
    - target: {fileID: 2423216040390286543, guid: 05b46018a626c7a49ae5edd81eba0982,
        type: 3}
      propertyPath: m_RootOrder
      value: 11
      objectReference: {fileID: 0}
    - target: {fileID: 2423216040390286543, guid: 05b46018a626c7a49ae5edd81eba0982,
        type: 3}
      propertyPath: m_LocalPosition.x
      value: 0.5
      objectReference: {fileID: 0}
    - target: {fileID: 2423216040390286543, guid: 05b46018a626c7a49ae5edd81eba0982,
        type: 3}
      propertyPath: m_LocalPosition.y
      value: -1
      objectReference: {fileID: 0}
    - target: {fileID: 2423216040390286543, guid: 05b46018a626c7a49ae5edd81eba0982,
        type: 3}
      propertyPath: m_LocalPosition.z
      value: 0
      objectReference: {fileID: 0}
    - target: {fileID: 2423216040390286543, guid: 05b46018a626c7a49ae5edd81eba0982,
        type: 3}
      propertyPath: m_LocalRotation.w
      value: 0
      objectReference: {fileID: 0}
    - target: {fileID: 2423216040390286543, guid: 05b46018a626c7a49ae5edd81eba0982,
        type: 3}
      propertyPath: m_LocalRotation.x
      value: 0
      objectReference: {fileID: 0}
    - target: {fileID: 2423216040390286543, guid: 05b46018a626c7a49ae5edd81eba0982,
        type: 3}
      propertyPath: m_LocalRotation.y
      value: 0
      objectReference: {fileID: 0}
    - target: {fileID: 2423216040390286543, guid: 05b46018a626c7a49ae5edd81eba0982,
        type: 3}
      propertyPath: m_LocalRotation.z
      value: 1
      objectReference: {fileID: 0}
    - target: {fileID: 2423216040390286543, guid: 05b46018a626c7a49ae5edd81eba0982,
        type: 3}
      propertyPath: m_LocalEulerAnglesHint.x
      value: 0
      objectReference: {fileID: 0}
    - target: {fileID: 2423216040390286543, guid: 05b46018a626c7a49ae5edd81eba0982,
        type: 3}
      propertyPath: m_LocalEulerAnglesHint.y
      value: 0
      objectReference: {fileID: 0}
    - target: {fileID: 2423216040390286543, guid: 05b46018a626c7a49ae5edd81eba0982,
        type: 3}
      propertyPath: m_LocalEulerAnglesHint.z
      value: 180
      objectReference: {fileID: 0}
    - target: {fileID: 6079916506518265317, guid: 05b46018a626c7a49ae5edd81eba0982,
        type: 3}
      propertyPath: serializationData.Prefab
      value: 
      objectReference: {fileID: 6079916506518265317, guid: 05b46018a626c7a49ae5edd81eba0982,
        type: 3}
    - target: {fileID: 7702334912174116636, guid: 05b46018a626c7a49ae5edd81eba0982,
        type: 3}
      propertyPath: m_Name
      value: E11
      objectReference: {fileID: 0}
    m_RemovedComponents: []
  m_SourcePrefab: {fileID: 100100000, guid: 05b46018a626c7a49ae5edd81eba0982, type: 3}
--- !u!4 &6678734267366658553 stripped
Transform:
  m_CorrespondingSourceObject: {fileID: 2423216040390286543, guid: 05b46018a626c7a49ae5edd81eba0982,
    type: 3}
  m_PrefabInstance: {fileID: 9011526142886382902}
  m_PrefabAsset: {fileID: 0}
--- !u!1 &1723593891298001450 stripped
GameObject:
  m_CorrespondingSourceObject: {fileID: 7702334912174116636, guid: 05b46018a626c7a49ae5edd81eba0982,
    type: 3}
  m_PrefabInstance: {fileID: 9011526142886382902}
  m_PrefabAsset: {fileID: 0}
--- !u!1001 &9027007235143079216
PrefabInstance:
  m_ObjectHideFlags: 0
  serializedVersion: 2
  m_Modification:
    m_TransformParent: {fileID: 777742847697208138}
    m_Modifications:
    - target: {fileID: 932427223720752662, guid: 05b46018a626c7a49ae5edd81eba0982,
        type: 3}
      propertyPath: m_LocalPosition.x
      value: -0.009996429
      objectReference: {fileID: 0}
    - target: {fileID: 932427223720752662, guid: 05b46018a626c7a49ae5edd81eba0982,
        type: 3}
      propertyPath: m_LocalPosition.y
      value: 3.41
      objectReference: {fileID: 0}
    - target: {fileID: 2423216040390286543, guid: 05b46018a626c7a49ae5edd81eba0982,
        type: 3}
      propertyPath: m_RootOrder
      value: 17
      objectReference: {fileID: 0}
    - target: {fileID: 2423216040390286543, guid: 05b46018a626c7a49ae5edd81eba0982,
        type: 3}
      propertyPath: m_LocalPosition.x
      value: -0.5
      objectReference: {fileID: 0}
    - target: {fileID: 2423216040390286543, guid: 05b46018a626c7a49ae5edd81eba0982,
        type: 3}
      propertyPath: m_LocalPosition.y
      value: -1.5
      objectReference: {fileID: 0}
    - target: {fileID: 2423216040390286543, guid: 05b46018a626c7a49ae5edd81eba0982,
        type: 3}
      propertyPath: m_LocalPosition.z
      value: 0
      objectReference: {fileID: 0}
    - target: {fileID: 2423216040390286543, guid: 05b46018a626c7a49ae5edd81eba0982,
        type: 3}
      propertyPath: m_LocalRotation.w
      value: 0
      objectReference: {fileID: 0}
    - target: {fileID: 2423216040390286543, guid: 05b46018a626c7a49ae5edd81eba0982,
        type: 3}
      propertyPath: m_LocalRotation.x
      value: 0
      objectReference: {fileID: 0}
    - target: {fileID: 2423216040390286543, guid: 05b46018a626c7a49ae5edd81eba0982,
        type: 3}
      propertyPath: m_LocalRotation.y
      value: 0
      objectReference: {fileID: 0}
    - target: {fileID: 2423216040390286543, guid: 05b46018a626c7a49ae5edd81eba0982,
        type: 3}
      propertyPath: m_LocalRotation.z
      value: 1
      objectReference: {fileID: 0}
    - target: {fileID: 2423216040390286543, guid: 05b46018a626c7a49ae5edd81eba0982,
        type: 3}
      propertyPath: m_LocalEulerAnglesHint.x
      value: 0
      objectReference: {fileID: 0}
    - target: {fileID: 2423216040390286543, guid: 05b46018a626c7a49ae5edd81eba0982,
        type: 3}
      propertyPath: m_LocalEulerAnglesHint.y
      value: 0
      objectReference: {fileID: 0}
    - target: {fileID: 2423216040390286543, guid: 05b46018a626c7a49ae5edd81eba0982,
        type: 3}
      propertyPath: m_LocalEulerAnglesHint.z
      value: 180
      objectReference: {fileID: 0}
    - target: {fileID: 6079916506518265317, guid: 05b46018a626c7a49ae5edd81eba0982,
        type: 3}
      propertyPath: serializationData.Prefab
      value: 
      objectReference: {fileID: 6079916506518265317, guid: 05b46018a626c7a49ae5edd81eba0982,
        type: 3}
    - target: {fileID: 7702334912174116636, guid: 05b46018a626c7a49ae5edd81eba0982,
        type: 3}
      propertyPath: m_Name
      value: E11
      objectReference: {fileID: 0}
    m_RemovedComponents: []
  m_SourcePrefab: {fileID: 100100000, guid: 05b46018a626c7a49ae5edd81eba0982, type: 3}
--- !u!1 &1703046255895108140 stripped
GameObject:
  m_CorrespondingSourceObject: {fileID: 7702334912174116636, guid: 05b46018a626c7a49ae5edd81eba0982,
    type: 3}
  m_PrefabInstance: {fileID: 9027007235143079216}
  m_PrefabAsset: {fileID: 0}
--- !u!4 &6694215358660233727 stripped
Transform:
  m_CorrespondingSourceObject: {fileID: 2423216040390286543, guid: 05b46018a626c7a49ae5edd81eba0982,
    type: 3}
  m_PrefabInstance: {fileID: 9027007235143079216}
  m_PrefabAsset: {fileID: 0}
