%YAML 1.1
%TAG !u! tag:unity3d.com,2011:
--- !u!1 &1645814724581691402
GameObject:
  m_ObjectHideFlags: 0
  m_CorrespondingSourceObject: {fileID: 0}
  m_PrefabInstance: {fileID: 0}
  m_PrefabAsset: {fileID: 0}
  serializedVersion: 6
  m_Component:
  - component: {fileID: 2843153211891740008}
  - component: {fileID: 5614395401670911273}
  m_Layer: 0
  m_Name: Grp_04_2
  m_TagString: Untagged
  m_Icon: {fileID: 0}
  m_NavMeshLayer: 0
  m_StaticEditorFlags: 0
  m_IsActive: 1
--- !u!4 &2843153211891740008
Transform:
  m_ObjectHideFlags: 0
  m_CorrespondingSourceObject: {fileID: 0}
  m_PrefabInstance: {fileID: 0}
  m_PrefabAsset: {fileID: 0}
  m_GameObject: {fileID: 1645814724581691402}
  m_LocalRotation: {x: 0, y: 0, z: 0, w: 1}
  m_LocalPosition: {x: -112.08, y: -5.12, z: 0}
  m_LocalScale: {x: 1, y: 1, z: 1}
  m_Children:
  - {fileID: 7702864061349958408}
  - {fileID: 2452565794546585016}
  - {fileID: 7209330324191719088}
  - {fileID: 1916708220441197238}
  - {fileID: 7087614089327445890}
  - {fileID: 4925424407882925287}
  - {fileID: 8396262935565146338}
  - {fileID: 4544735747697628137}
  - {fileID: 5859479790784742429}
  - {fileID: 5979371951876835135}
  m_Father: {fileID: 0}
  m_RootOrder: 0
  m_LocalEulerAnglesHint: {x: 0, y: 0, z: 0}
--- !u!114 &5614395401670911273
MonoBehaviour:
  m_ObjectHideFlags: 0
  m_CorrespondingSourceObject: {fileID: 0}
  m_PrefabInstance: {fileID: 0}
  m_PrefabAsset: {fileID: 0}
  m_GameObject: {fileID: 1645814724581691402}
  m_Enabled: 1
  m_EditorHideFlags: 0
  m_Script: {fileID: 11500000, guid: 1aea33727abf3a7439d1a2826284e3ea, type: 3}
  m_Name: 
  m_EditorClassIdentifier: 
  newPrefab: {fileID: 5922630660914085772, guid: 11cb794c8f9ba1b469c7773ffdd11402,
    type: 3}
  RandomYRotation: 0
  SpawnOffset: {x: 0, y: 0, z: 0}
  onlySearchChildren: 1
  oldGameObjects:
  - {fileID: 2423742405076615387}
  - {fileID: 0}
  - {fileID: 0}
  - {fileID: 0}
  - {fileID: 0}
  - {fileID: 0}
  - {fileID: 7587876484404911723}
  - {fileID: 3407080144020553059}
  - {fileID: 0}
  - {fileID: 0}
  - {fileID: 5898955843561351525}
  - {fileID: 0}
  - {fileID: 0}
  - {fileID: 2961272452848358481}
  - {fileID: 1089397815158839092}
  - {fileID: 0}
  - {fileID: 4594034779994983217}
  - {fileID: 8383147206912163898}
  - {fileID: 1879623092465670094}
  - {fileID: 1854975009488508140}
  searchByTag: other
  searchByName: E7
  searchByRef: {fileID: 7481557799788516606, guid: eb0ab12fd54510d40a399ea3409fec6a,
    type: 3}
--- !u!1001 &282640601150559977
PrefabInstance:
  m_ObjectHideFlags: 0
  serializedVersion: 2
  m_Modification:
    m_TransformParent: {fileID: 2843153211891740008}
    m_Modifications:
    - target: {fileID: 1834556976891784287, guid: 11cb794c8f9ba1b469c7773ffdd11402,
        type: 3}
      propertyPath: m_RootOrder
      value: 3
      objectReference: {fileID: 0}
    - target: {fileID: 1834556976891784287, guid: 11cb794c8f9ba1b469c7773ffdd11402,
        type: 3}
      propertyPath: m_LocalPosition.x
      value: 0
      objectReference: {fileID: 0}
    - target: {fileID: 1834556976891784287, guid: 11cb794c8f9ba1b469c7773ffdd11402,
        type: 3}
      propertyPath: m_LocalPosition.y
      value: -1
      objectReference: {fileID: 0}
    - target: {fileID: 1834556976891784287, guid: 11cb794c8f9ba1b469c7773ffdd11402,
        type: 3}
      propertyPath: m_LocalPosition.z
      value: 0
      objectReference: {fileID: 0}
    - target: {fileID: 1834556976891784287, guid: 11cb794c8f9ba1b469c7773ffdd11402,
        type: 3}
      propertyPath: m_LocalRotation.w
      value: 0.38268343
      objectReference: {fileID: 0}
    - target: {fileID: 1834556976891784287, guid: 11cb794c8f9ba1b469c7773ffdd11402,
        type: 3}
      propertyPath: m_LocalRotation.x
      value: 0
      objectReference: {fileID: 0}
    - target: {fileID: 1834556976891784287, guid: 11cb794c8f9ba1b469c7773ffdd11402,
        type: 3}
      propertyPath: m_LocalRotation.y
      value: 0
      objectReference: {fileID: 0}
    - target: {fileID: 1834556976891784287, guid: 11cb794c8f9ba1b469c7773ffdd11402,
        type: 3}
      propertyPath: m_LocalRotation.z
      value: -0.92387956
      objectReference: {fileID: 0}
    - target: {fileID: 1834556976891784287, guid: 11cb794c8f9ba1b469c7773ffdd11402,
        type: 3}
      propertyPath: m_LocalEulerAnglesHint.x
      value: 0
      objectReference: {fileID: 0}
    - target: {fileID: 1834556976891784287, guid: 11cb794c8f9ba1b469c7773ffdd11402,
        type: 3}
      propertyPath: m_LocalEulerAnglesHint.y
      value: 0
      objectReference: {fileID: 0}
    - target: {fileID: 1834556976891784287, guid: 11cb794c8f9ba1b469c7773ffdd11402,
        type: 3}
      propertyPath: m_LocalEulerAnglesHint.z
      value: -135
      objectReference: {fileID: 0}
    - target: {fileID: 5922630660914085772, guid: 11cb794c8f9ba1b469c7773ffdd11402,
        type: 3}
      propertyPath: m_Name
      value: E7
      objectReference: {fileID: 0}
    - target: {fileID: 8558930473469651558, guid: 11cb794c8f9ba1b469c7773ffdd11402,
        type: 3}
      propertyPath: serializationData.Prefab
      value: 
      objectReference: {fileID: 8558930473469651558, guid: 11cb794c8f9ba1b469c7773ffdd11402,
        type: 3}
    m_RemovedComponents: []
  m_SourcePrefab: {fileID: 100100000, guid: 11cb794c8f9ba1b469c7773ffdd11402, type: 3}
--- !u!1 &5898955843561351525 stripped
GameObject:
  m_CorrespondingSourceObject: {fileID: 5922630660914085772, guid: 11cb794c8f9ba1b469c7773ffdd11402,
    type: 3}
  m_PrefabInstance: {fileID: 282640601150559977}
  m_PrefabAsset: {fileID: 0}
--- !u!4 &1916708220441197238 stripped
Transform:
  m_CorrespondingSourceObject: {fileID: 1834556976891784287, guid: 11cb794c8f9ba1b469c7773ffdd11402,
    type: 3}
  m_PrefabInstance: {fileID: 282640601150559977}
  m_PrefabAsset: {fileID: 0}
--- !u!1001 &2767324312490753974
PrefabInstance:
  m_ObjectHideFlags: 0
  serializedVersion: 2
  m_Modification:
    m_TransformParent: {fileID: 2843153211891740008}
    m_Modifications:
    - target: {fileID: 1834556976891784287, guid: 11cb794c8f9ba1b469c7773ffdd11402,
        type: 3}
      propertyPath: m_RootOrder
      value: 7
      objectReference: {fileID: 0}
    - target: {fileID: 1834556976891784287, guid: 11cb794c8f9ba1b469c7773ffdd11402,
        type: 3}
      propertyPath: m_LocalPosition.x
      value: -0.5
      objectReference: {fileID: 0}
    - target: {fileID: 1834556976891784287, guid: 11cb794c8f9ba1b469c7773ffdd11402,
        type: 3}
      propertyPath: m_LocalPosition.y
      value: -1.5
      objectReference: {fileID: 0}
    - target: {fileID: 1834556976891784287, guid: 11cb794c8f9ba1b469c7773ffdd11402,
        type: 3}
      propertyPath: m_LocalPosition.z
      value: 0
      objectReference: {fileID: 0}
    - target: {fileID: 1834556976891784287, guid: 11cb794c8f9ba1b469c7773ffdd11402,
        type: 3}
      propertyPath: m_LocalRotation.w
      value: 0.0000007003545
      objectReference: {fileID: 0}
    - target: {fileID: 1834556976891784287, guid: 11cb794c8f9ba1b469c7773ffdd11402,
        type: 3}
      propertyPath: m_LocalRotation.x
      value: -0
      objectReference: {fileID: 0}
    - target: {fileID: 1834556976891784287, guid: 11cb794c8f9ba1b469c7773ffdd11402,
        type: 3}
      propertyPath: m_LocalRotation.y
      value: -0
      objectReference: {fileID: 0}
    - target: {fileID: 1834556976891784287, guid: 11cb794c8f9ba1b469c7773ffdd11402,
        type: 3}
      propertyPath: m_LocalRotation.z
      value: -1
      objectReference: {fileID: 0}
    - target: {fileID: 1834556976891784287, guid: 11cb794c8f9ba1b469c7773ffdd11402,
        type: 3}
      propertyPath: m_LocalEulerAnglesHint.x
      value: 0
      objectReference: {fileID: 0}
    - target: {fileID: 1834556976891784287, guid: 11cb794c8f9ba1b469c7773ffdd11402,
        type: 3}
      propertyPath: m_LocalEulerAnglesHint.y
      value: 0
      objectReference: {fileID: 0}
    - target: {fileID: 1834556976891784287, guid: 11cb794c8f9ba1b469c7773ffdd11402,
        type: 3}
      propertyPath: m_LocalEulerAnglesHint.z
      value: -180
      objectReference: {fileID: 0}
    - target: {fileID: 5922630660914085772, guid: 11cb794c8f9ba1b469c7773ffdd11402,
        type: 3}
      propertyPath: m_Name
      value: E7
      objectReference: {fileID: 0}
    - target: {fileID: 8558930473469651558, guid: 11cb794c8f9ba1b469c7773ffdd11402,
        type: 3}
      propertyPath: serializationData.Prefab
      value: 
      objectReference: {fileID: 8558930473469651558, guid: 11cb794c8f9ba1b469c7773ffdd11402,
        type: 3}
    m_RemovedComponents: []
  m_SourcePrefab: {fileID: 100100000, guid: 11cb794c8f9ba1b469c7773ffdd11402, type: 3}
--- !u!1 &8383147206912163898 stripped
GameObject:
  m_CorrespondingSourceObject: {fileID: 5922630660914085772, guid: 11cb794c8f9ba1b469c7773ffdd11402,
    type: 3}
  m_PrefabInstance: {fileID: 2767324312490753974}
  m_PrefabAsset: {fileID: 0}
--- !u!4 &4544735747697628137 stripped
Transform:
  m_CorrespondingSourceObject: {fileID: 1834556976891784287, guid: 11cb794c8f9ba1b469c7773ffdd11402,
    type: 3}
  m_PrefabInstance: {fileID: 2767324312490753974}
  m_PrefabAsset: {fileID: 0}
--- !u!1001 &4286551914044219879
PrefabInstance:
  m_ObjectHideFlags: 0
  serializedVersion: 2
  m_Modification:
    m_TransformParent: {fileID: 2843153211891740008}
    m_Modifications:
    - target: {fileID: 1834556976891784287, guid: 11cb794c8f9ba1b469c7773ffdd11402,
        type: 3}
      propertyPath: m_RootOrder
      value: 1
      objectReference: {fileID: 0}
    - target: {fileID: 1834556976891784287, guid: 11cb794c8f9ba1b469c7773ffdd11402,
        type: 3}
      propertyPath: m_LocalPosition.x
      value: 0.5
      objectReference: {fileID: 0}
    - target: {fileID: 1834556976891784287, guid: 11cb794c8f9ba1b469c7773ffdd11402,
        type: 3}
      propertyPath: m_LocalPosition.y
      value: -0.5
      objectReference: {fileID: 0}
    - target: {fileID: 1834556976891784287, guid: 11cb794c8f9ba1b469c7773ffdd11402,
        type: 3}
      propertyPath: m_LocalPosition.z
      value: 0
      objectReference: {fileID: 0}
    - target: {fileID: 1834556976891784287, guid: 11cb794c8f9ba1b469c7773ffdd11402,
        type: 3}
      propertyPath: m_LocalRotation.w
      value: 0.38268343
      objectReference: {fileID: 0}
    - target: {fileID: 1834556976891784287, guid: 11cb794c8f9ba1b469c7773ffdd11402,
        type: 3}
      propertyPath: m_LocalRotation.x
      value: 0
      objectReference: {fileID: 0}
    - target: {fileID: 1834556976891784287, guid: 11cb794c8f9ba1b469c7773ffdd11402,
        type: 3}
      propertyPath: m_LocalRotation.y
      value: 0
      objectReference: {fileID: 0}
    - target: {fileID: 1834556976891784287, guid: 11cb794c8f9ba1b469c7773ffdd11402,
        type: 3}
      propertyPath: m_LocalRotation.z
      value: -0.92387956
      objectReference: {fileID: 0}
    - target: {fileID: 1834556976891784287, guid: 11cb794c8f9ba1b469c7773ffdd11402,
        type: 3}
      propertyPath: m_LocalEulerAnglesHint.x
      value: 0
      objectReference: {fileID: 0}
    - target: {fileID: 1834556976891784287, guid: 11cb794c8f9ba1b469c7773ffdd11402,
        type: 3}
      propertyPath: m_LocalEulerAnglesHint.y
      value: 0
      objectReference: {fileID: 0}
    - target: {fileID: 1834556976891784287, guid: 11cb794c8f9ba1b469c7773ffdd11402,
        type: 3}
      propertyPath: m_LocalEulerAnglesHint.z
      value: -135
      objectReference: {fileID: 0}
    - target: {fileID: 5922630660914085772, guid: 11cb794c8f9ba1b469c7773ffdd11402,
        type: 3}
      propertyPath: m_Name
      value: E7
      objectReference: {fileID: 0}
    - target: {fileID: 8558930473469651558, guid: 11cb794c8f9ba1b469c7773ffdd11402,
        type: 3}
      propertyPath: serializationData.Prefab
      value: 
      objectReference: {fileID: 8558930473469651558, guid: 11cb794c8f9ba1b469c7773ffdd11402,
        type: 3}
    m_RemovedComponents: []
  m_SourcePrefab: {fileID: 100100000, guid: 11cb794c8f9ba1b469c7773ffdd11402, type: 3}
--- !u!1 &7587876484404911723 stripped
GameObject:
  m_CorrespondingSourceObject: {fileID: 5922630660914085772, guid: 11cb794c8f9ba1b469c7773ffdd11402,
    type: 3}
  m_PrefabInstance: {fileID: 4286551914044219879}
  m_PrefabAsset: {fileID: 0}
--- !u!4 &2452565794546585016 stripped
Transform:
  m_CorrespondingSourceObject: {fileID: 1834556976891784287, guid: 11cb794c8f9ba1b469c7773ffdd11402,
    type: 3}
  m_PrefabInstance: {fileID: 4286551914044219879}
  m_PrefabAsset: {fileID: 0}
--- !u!1001 &5198466832328517698
PrefabInstance:
  m_ObjectHideFlags: 0
  serializedVersion: 2
  m_Modification:
    m_TransformParent: {fileID: 2843153211891740008}
    m_Modifications:
    - target: {fileID: 1834556976891784287, guid: 11cb794c8f9ba1b469c7773ffdd11402,
        type: 3}
      propertyPath: m_RootOrder
      value: 8
      objectReference: {fileID: 0}
    - target: {fileID: 1834556976891784287, guid: 11cb794c8f9ba1b469c7773ffdd11402,
        type: 3}
      propertyPath: m_LocalPosition.x
      value: -1
      objectReference: {fileID: 0}
    - target: {fileID: 1834556976891784287, guid: 11cb794c8f9ba1b469c7773ffdd11402,
        type: 3}
      propertyPath: m_LocalPosition.y
      value: -1.5
      objectReference: {fileID: 0}
    - target: {fileID: 1834556976891784287, guid: 11cb794c8f9ba1b469c7773ffdd11402,
        type: 3}
      propertyPath: m_LocalPosition.z
      value: 0
      objectReference: {fileID: 0}
    - target: {fileID: 1834556976891784287, guid: 11cb794c8f9ba1b469c7773ffdd11402,
        type: 3}
      propertyPath: m_LocalRotation.w
      value: 0.7071068
      objectReference: {fileID: 0}
    - target: {fileID: 1834556976891784287, guid: 11cb794c8f9ba1b469c7773ffdd11402,
        type: 3}
      propertyPath: m_LocalRotation.x
      value: 0
      objectReference: {fileID: 0}
    - target: {fileID: 1834556976891784287, guid: 11cb794c8f9ba1b469c7773ffdd11402,
        type: 3}
      propertyPath: m_LocalRotation.y
      value: 0
      objectReference: {fileID: 0}
    - target: {fileID: 1834556976891784287, guid: 11cb794c8f9ba1b469c7773ffdd11402,
        type: 3}
      propertyPath: m_LocalRotation.z
      value: -0.7071068
      objectReference: {fileID: 0}
    - target: {fileID: 1834556976891784287, guid: 11cb794c8f9ba1b469c7773ffdd11402,
        type: 3}
      propertyPath: m_LocalEulerAnglesHint.x
      value: 0
      objectReference: {fileID: 0}
    - target: {fileID: 1834556976891784287, guid: 11cb794c8f9ba1b469c7773ffdd11402,
        type: 3}
      propertyPath: m_LocalEulerAnglesHint.y
      value: 0
      objectReference: {fileID: 0}
    - target: {fileID: 1834556976891784287, guid: 11cb794c8f9ba1b469c7773ffdd11402,
        type: 3}
      propertyPath: m_LocalEulerAnglesHint.z
      value: -90
      objectReference: {fileID: 0}
    - target: {fileID: 5922630660914085772, guid: 11cb794c8f9ba1b469c7773ffdd11402,
        type: 3}
      propertyPath: m_Name
      value: E7
      objectReference: {fileID: 0}
    - target: {fileID: 8558930473469651558, guid: 11cb794c8f9ba1b469c7773ffdd11402,
        type: 3}
      propertyPath: serializationData.Prefab
      value: 
      objectReference: {fileID: 8558930473469651558, guid: 11cb794c8f9ba1b469c7773ffdd11402,
        type: 3}
    m_RemovedComponents: []
  m_SourcePrefab: {fileID: 100100000, guid: 11cb794c8f9ba1b469c7773ffdd11402, type: 3}
--- !u!4 &5859479790784742429 stripped
Transform:
  m_CorrespondingSourceObject: {fileID: 1834556976891784287, guid: 11cb794c8f9ba1b469c7773ffdd11402,
    type: 3}
  m_PrefabInstance: {fileID: 5198466832328517698}
  m_PrefabAsset: {fileID: 0}
--- !u!1 &1879623092465670094 stripped
GameObject:
  m_CorrespondingSourceObject: {fileID: 5922630660914085772, guid: 11cb794c8f9ba1b469c7773ffdd11402,
    type: 3}
  m_PrefabInstance: {fileID: 5198466832328517698}
  m_PrefabAsset: {fileID: 0}
--- !u!1001 &5444668080000396128
PrefabInstance:
  m_ObjectHideFlags: 0
  serializedVersion: 2
  m_Modification:
    m_TransformParent: {fileID: 2843153211891740008}
    m_Modifications:
    - target: {fileID: 1834556976891784287, guid: 11cb794c8f9ba1b469c7773ffdd11402,
        type: 3}
      propertyPath: m_RootOrder
      value: 9
      objectReference: {fileID: 0}
    - target: {fileID: 1834556976891784287, guid: 11cb794c8f9ba1b469c7773ffdd11402,
        type: 3}
      propertyPath: m_LocalPosition.x
      value: 1
      objectReference: {fileID: 0}
    - target: {fileID: 1834556976891784287, guid: 11cb794c8f9ba1b469c7773ffdd11402,
        type: 3}
      propertyPath: m_LocalPosition.y
      value: -1.5
      objectReference: {fileID: 0}
    - target: {fileID: 1834556976891784287, guid: 11cb794c8f9ba1b469c7773ffdd11402,
        type: 3}
      propertyPath: m_LocalPosition.z
      value: 0
      objectReference: {fileID: 0}
    - target: {fileID: 1834556976891784287, guid: 11cb794c8f9ba1b469c7773ffdd11402,
        type: 3}
      propertyPath: m_LocalRotation.w
      value: 0
      objectReference: {fileID: 0}
    - target: {fileID: 1834556976891784287, guid: 11cb794c8f9ba1b469c7773ffdd11402,
        type: 3}
      propertyPath: m_LocalRotation.x
      value: 0
      objectReference: {fileID: 0}
    - target: {fileID: 1834556976891784287, guid: 11cb794c8f9ba1b469c7773ffdd11402,
        type: 3}
      propertyPath: m_LocalRotation.y
      value: 0
      objectReference: {fileID: 0}
    - target: {fileID: 1834556976891784287, guid: 11cb794c8f9ba1b469c7773ffdd11402,
        type: 3}
      propertyPath: m_LocalRotation.z
      value: 1
      objectReference: {fileID: 0}
    - target: {fileID: 1834556976891784287, guid: 11cb794c8f9ba1b469c7773ffdd11402,
        type: 3}
      propertyPath: m_LocalEulerAnglesHint.x
      value: 0
      objectReference: {fileID: 0}
    - target: {fileID: 1834556976891784287, guid: 11cb794c8f9ba1b469c7773ffdd11402,
        type: 3}
      propertyPath: m_LocalEulerAnglesHint.y
      value: 0
      objectReference: {fileID: 0}
    - target: {fileID: 1834556976891784287, guid: 11cb794c8f9ba1b469c7773ffdd11402,
        type: 3}
      propertyPath: m_LocalEulerAnglesHint.z
      value: 180
      objectReference: {fileID: 0}
    - target: {fileID: 5922630660914085772, guid: 11cb794c8f9ba1b469c7773ffdd11402,
        type: 3}
      propertyPath: m_Name
      value: E7
      objectReference: {fileID: 0}
    - target: {fileID: 8558930473469651558, guid: 11cb794c8f9ba1b469c7773ffdd11402,
        type: 3}
      propertyPath: serializationData.Prefab
      value: 
      objectReference: {fileID: 8558930473469651558, guid: 11cb794c8f9ba1b469c7773ffdd11402,
        type: 3}
    m_RemovedComponents: []
  m_SourcePrefab: {fileID: 100100000, guid: 11cb794c8f9ba1b469c7773ffdd11402, type: 3}
--- !u!1 &1854975009488508140 stripped
GameObject:
  m_CorrespondingSourceObject: {fileID: 5922630660914085772, guid: 11cb794c8f9ba1b469c7773ffdd11402,
    type: 3}
  m_PrefabInstance: {fileID: 5444668080000396128}
  m_PrefabAsset: {fileID: 0}
--- !u!4 &5979371951876835135 stripped
Transform:
  m_CorrespondingSourceObject: {fileID: 1834556976891784287, guid: 11cb794c8f9ba1b469c7773ffdd11402,
    type: 3}
  m_PrefabInstance: {fileID: 5444668080000396128}
  m_PrefabAsset: {fileID: 0}
--- !u!1001 &6714647960681965752
PrefabInstance:
  m_ObjectHideFlags: 0
  serializedVersion: 2
  m_Modification:
    m_TransformParent: {fileID: 2843153211891740008}
    m_Modifications:
    - target: {fileID: 1834556976891784287, guid: 11cb794c8f9ba1b469c7773ffdd11402,
        type: 3}
      propertyPath: m_RootOrder
      value: 5
      objectReference: {fileID: 0}
    - target: {fileID: 1834556976891784287, guid: 11cb794c8f9ba1b469c7773ffdd11402,
        type: 3}
      propertyPath: m_LocalPosition.x
      value: 1
      objectReference: {fileID: 0}
    - target: {fileID: 1834556976891784287, guid: 11cb794c8f9ba1b469c7773ffdd11402,
        type: 3}
      propertyPath: m_LocalPosition.y
      value: -1
      objectReference: {fileID: 0}
    - target: {fileID: 1834556976891784287, guid: 11cb794c8f9ba1b469c7773ffdd11402,
        type: 3}
      propertyPath: m_LocalPosition.z
      value: 0
      objectReference: {fileID: 0}
    - target: {fileID: 1834556976891784287, guid: 11cb794c8f9ba1b469c7773ffdd11402,
        type: 3}
      propertyPath: m_LocalRotation.w
      value: 0
      objectReference: {fileID: 0}
    - target: {fileID: 1834556976891784287, guid: 11cb794c8f9ba1b469c7773ffdd11402,
        type: 3}
      propertyPath: m_LocalRotation.x
      value: 0
      objectReference: {fileID: 0}
    - target: {fileID: 1834556976891784287, guid: 11cb794c8f9ba1b469c7773ffdd11402,
        type: 3}
      propertyPath: m_LocalRotation.y
      value: 0
      objectReference: {fileID: 0}
    - target: {fileID: 1834556976891784287, guid: 11cb794c8f9ba1b469c7773ffdd11402,
        type: 3}
      propertyPath: m_LocalRotation.z
      value: 1
      objectReference: {fileID: 0}
    - target: {fileID: 1834556976891784287, guid: 11cb794c8f9ba1b469c7773ffdd11402,
        type: 3}
      propertyPath: m_LocalEulerAnglesHint.x
      value: 0
      objectReference: {fileID: 0}
    - target: {fileID: 1834556976891784287, guid: 11cb794c8f9ba1b469c7773ffdd11402,
        type: 3}
      propertyPath: m_LocalEulerAnglesHint.y
      value: 0
      objectReference: {fileID: 0}
    - target: {fileID: 1834556976891784287, guid: 11cb794c8f9ba1b469c7773ffdd11402,
        type: 3}
      propertyPath: m_LocalEulerAnglesHint.z
      value: 180
      objectReference: {fileID: 0}
    - target: {fileID: 5922630660914085772, guid: 11cb794c8f9ba1b469c7773ffdd11402,
        type: 3}
      propertyPath: m_Name
      value: E7
      objectReference: {fileID: 0}
    - target: {fileID: 8558930473469651558, guid: 11cb794c8f9ba1b469c7773ffdd11402,
        type: 3}
      propertyPath: serializationData.Prefab
      value: 
      objectReference: {fileID: 8558930473469651558, guid: 11cb794c8f9ba1b469c7773ffdd11402,
        type: 3}
    m_RemovedComponents: []
  m_SourcePrefab: {fileID: 100100000, guid: 11cb794c8f9ba1b469c7773ffdd11402, type: 3}
--- !u!4 &4925424407882925287 stripped
Transform:
  m_CorrespondingSourceObject: {fileID: 1834556976891784287, guid: 11cb794c8f9ba1b469c7773ffdd11402,
    type: 3}
  m_PrefabInstance: {fileID: 6714647960681965752}
  m_PrefabAsset: {fileID: 0}
--- !u!1 &1089397815158839092 stripped
GameObject:
  m_CorrespondingSourceObject: {fileID: 5922630660914085772, guid: 11cb794c8f9ba1b469c7773ffdd11402,
    type: 3}
  m_PrefabInstance: {fileID: 6714647960681965752}
  m_PrefabAsset: {fileID: 0}
--- !u!1001 &7921870769372198077
PrefabInstance:
  m_ObjectHideFlags: 0
  serializedVersion: 2
  m_Modification:
    m_TransformParent: {fileID: 2843153211891740008}
    m_Modifications:
    - target: {fileID: 1834556976891784287, guid: 11cb794c8f9ba1b469c7773ffdd11402,
        type: 3}
      propertyPath: m_RootOrder
      value: 6
      objectReference: {fileID: 0}
    - target: {fileID: 1834556976891784287, guid: 11cb794c8f9ba1b469c7773ffdd11402,
        type: 3}
      propertyPath: m_LocalPosition.x
      value: 0.5
      objectReference: {fileID: 0}
    - target: {fileID: 1834556976891784287, guid: 11cb794c8f9ba1b469c7773ffdd11402,
        type: 3}
      propertyPath: m_LocalPosition.y
      value: -1.5
      objectReference: {fileID: 0}
    - target: {fileID: 1834556976891784287, guid: 11cb794c8f9ba1b469c7773ffdd11402,
        type: 3}
      propertyPath: m_LocalPosition.z
      value: 0
      objectReference: {fileID: 0}
    - target: {fileID: 1834556976891784287, guid: 11cb794c8f9ba1b469c7773ffdd11402,
        type: 3}
      propertyPath: m_LocalRotation.w
      value: 0.7071063
      objectReference: {fileID: 0}
    - target: {fileID: 1834556976891784287, guid: 11cb794c8f9ba1b469c7773ffdd11402,
        type: 3}
      propertyPath: m_LocalRotation.x
      value: -0
      objectReference: {fileID: 0}
    - target: {fileID: 1834556976891784287, guid: 11cb794c8f9ba1b469c7773ffdd11402,
        type: 3}
      propertyPath: m_LocalRotation.y
      value: -0
      objectReference: {fileID: 0}
    - target: {fileID: 1834556976891784287, guid: 11cb794c8f9ba1b469c7773ffdd11402,
        type: 3}
      propertyPath: m_LocalRotation.z
      value: -0.7071073
      objectReference: {fileID: 0}
    - target: {fileID: 1834556976891784287, guid: 11cb794c8f9ba1b469c7773ffdd11402,
        type: 3}
      propertyPath: m_LocalEulerAnglesHint.x
      value: 0
      objectReference: {fileID: 0}
    - target: {fileID: 1834556976891784287, guid: 11cb794c8f9ba1b469c7773ffdd11402,
        type: 3}
      propertyPath: m_LocalEulerAnglesHint.y
      value: 0
      objectReference: {fileID: 0}
    - target: {fileID: 1834556976891784287, guid: 11cb794c8f9ba1b469c7773ffdd11402,
        type: 3}
      propertyPath: m_LocalEulerAnglesHint.z
      value: -90
      objectReference: {fileID: 0}
    - target: {fileID: 5922630660914085772, guid: 11cb794c8f9ba1b469c7773ffdd11402,
        type: 3}
      propertyPath: m_Name
      value: E7
      objectReference: {fileID: 0}
    - target: {fileID: 8558930473469651558, guid: 11cb794c8f9ba1b469c7773ffdd11402,
        type: 3}
      propertyPath: serializationData.Prefab
      value: 
      objectReference: {fileID: 8558930473469651558, guid: 11cb794c8f9ba1b469c7773ffdd11402,
        type: 3}
    m_RemovedComponents: []
  m_SourcePrefab: {fileID: 100100000, guid: 11cb794c8f9ba1b469c7773ffdd11402, type: 3}
--- !u!1 &4594034779994983217 stripped
GameObject:
  m_CorrespondingSourceObject: {fileID: 5922630660914085772, guid: 11cb794c8f9ba1b469c7773ffdd11402,
    type: 3}
  m_PrefabInstance: {fileID: 7921870769372198077}
  m_PrefabAsset: {fileID: 0}
--- !u!4 &8396262935565146338 stripped
Transform:
  m_CorrespondingSourceObject: {fileID: 1834556976891784287, guid: 11cb794c8f9ba1b469c7773ffdd11402,
    type: 3}
  m_PrefabInstance: {fileID: 7921870769372198077}
  m_PrefabAsset: {fileID: 0}
--- !u!1001 &8328200061804248919
PrefabInstance:
  m_ObjectHideFlags: 0
  serializedVersion: 2
  m_Modification:
    m_TransformParent: {fileID: 2843153211891740008}
    m_Modifications:
    - target: {fileID: 1834556976891784287, guid: 11cb794c8f9ba1b469c7773ffdd11402,
        type: 3}
      propertyPath: m_RootOrder
      value: 0
      objectReference: {fileID: 0}
    - target: {fileID: 1834556976891784287, guid: 11cb794c8f9ba1b469c7773ffdd11402,
        type: 3}
      propertyPath: m_LocalPosition.x
      value: 0
      objectReference: {fileID: 0}
    - target: {fileID: 1834556976891784287, guid: 11cb794c8f9ba1b469c7773ffdd11402,
        type: 3}
      propertyPath: m_LocalPosition.y
      value: 0
      objectReference: {fileID: 0}
    - target: {fileID: 1834556976891784287, guid: 11cb794c8f9ba1b469c7773ffdd11402,
        type: 3}
      propertyPath: m_LocalPosition.z
      value: 0
      objectReference: {fileID: 0}
    - target: {fileID: 1834556976891784287, guid: 11cb794c8f9ba1b469c7773ffdd11402,
        type: 3}
      propertyPath: m_LocalRotation.w
      value: 0.38268343
      objectReference: {fileID: 0}
    - target: {fileID: 1834556976891784287, guid: 11cb794c8f9ba1b469c7773ffdd11402,
        type: 3}
      propertyPath: m_LocalRotation.x
      value: 0
      objectReference: {fileID: 0}
    - target: {fileID: 1834556976891784287, guid: 11cb794c8f9ba1b469c7773ffdd11402,
        type: 3}
      propertyPath: m_LocalRotation.y
      value: 0
      objectReference: {fileID: 0}
    - target: {fileID: 1834556976891784287, guid: 11cb794c8f9ba1b469c7773ffdd11402,
        type: 3}
      propertyPath: m_LocalRotation.z
      value: -0.92387956
      objectReference: {fileID: 0}
    - target: {fileID: 1834556976891784287, guid: 11cb794c8f9ba1b469c7773ffdd11402,
        type: 3}
      propertyPath: m_LocalEulerAnglesHint.x
      value: 0
      objectReference: {fileID: 0}
    - target: {fileID: 1834556976891784287, guid: 11cb794c8f9ba1b469c7773ffdd11402,
        type: 3}
      propertyPath: m_LocalEulerAnglesHint.y
      value: 0
      objectReference: {fileID: 0}
    - target: {fileID: 1834556976891784287, guid: 11cb794c8f9ba1b469c7773ffdd11402,
        type: 3}
      propertyPath: m_LocalEulerAnglesHint.z
      value: -135
      objectReference: {fileID: 0}
    - target: {fileID: 5922630660914085772, guid: 11cb794c8f9ba1b469c7773ffdd11402,
        type: 3}
      propertyPath: m_Name
      value: E7
      objectReference: {fileID: 0}
    - target: {fileID: 8558930473469651558, guid: 11cb794c8f9ba1b469c7773ffdd11402,
        type: 3}
      propertyPath: serializationData.Prefab
      value: 
      objectReference: {fileID: 8558930473469651558, guid: 11cb794c8f9ba1b469c7773ffdd11402,
        type: 3}
    m_RemovedComponents: []
  m_SourcePrefab: {fileID: 100100000, guid: 11cb794c8f9ba1b469c7773ffdd11402, type: 3}
--- !u!1 &2423742405076615387 stripped
GameObject:
  m_CorrespondingSourceObject: {fileID: 5922630660914085772, guid: 11cb794c8f9ba1b469c7773ffdd11402,
    type: 3}
  m_PrefabInstance: {fileID: 8328200061804248919}
  m_PrefabAsset: {fileID: 0}
--- !u!4 &7702864061349958408 stripped
Transform:
  m_CorrespondingSourceObject: {fileID: 1834556976891784287, guid: 11cb794c8f9ba1b469c7773ffdd11402,
    type: 3}
  m_PrefabInstance: {fileID: 8328200061804248919}
  m_PrefabAsset: {fileID: 0}
--- !u!1001 &8874875984683461597
PrefabInstance:
  m_ObjectHideFlags: 0
  serializedVersion: 2
  m_Modification:
    m_TransformParent: {fileID: 2843153211891740008}
    m_Modifications:
    - target: {fileID: 1834556976891784287, guid: 11cb794c8f9ba1b469c7773ffdd11402,
        type: 3}
      propertyPath: m_RootOrder
      value: 4
      objectReference: {fileID: 0}
    - target: {fileID: 1834556976891784287, guid: 11cb794c8f9ba1b469c7773ffdd11402,
        type: 3}
      propertyPath: m_LocalPosition.x
      value: -1
      objectReference: {fileID: 0}
    - target: {fileID: 1834556976891784287, guid: 11cb794c8f9ba1b469c7773ffdd11402,
        type: 3}
      propertyPath: m_LocalPosition.y
      value: -1
      objectReference: {fileID: 0}
    - target: {fileID: 1834556976891784287, guid: 11cb794c8f9ba1b469c7773ffdd11402,
        type: 3}
      propertyPath: m_LocalPosition.z
      value: 0
      objectReference: {fileID: 0}
    - target: {fileID: 1834556976891784287, guid: 11cb794c8f9ba1b469c7773ffdd11402,
        type: 3}
      propertyPath: m_LocalRotation.w
      value: 0.7071068
      objectReference: {fileID: 0}
    - target: {fileID: 1834556976891784287, guid: 11cb794c8f9ba1b469c7773ffdd11402,
        type: 3}
      propertyPath: m_LocalRotation.x
      value: 0
      objectReference: {fileID: 0}
    - target: {fileID: 1834556976891784287, guid: 11cb794c8f9ba1b469c7773ffdd11402,
        type: 3}
      propertyPath: m_LocalRotation.y
      value: 0
      objectReference: {fileID: 0}
    - target: {fileID: 1834556976891784287, guid: 11cb794c8f9ba1b469c7773ffdd11402,
        type: 3}
      propertyPath: m_LocalRotation.z
      value: -0.7071068
      objectReference: {fileID: 0}
    - target: {fileID: 1834556976891784287, guid: 11cb794c8f9ba1b469c7773ffdd11402,
        type: 3}
      propertyPath: m_LocalEulerAnglesHint.x
      value: 0
      objectReference: {fileID: 0}
    - target: {fileID: 1834556976891784287, guid: 11cb794c8f9ba1b469c7773ffdd11402,
        type: 3}
      propertyPath: m_LocalEulerAnglesHint.y
      value: 0
      objectReference: {fileID: 0}
    - target: {fileID: 1834556976891784287, guid: 11cb794c8f9ba1b469c7773ffdd11402,
        type: 3}
      propertyPath: m_LocalEulerAnglesHint.z
      value: -90
      objectReference: {fileID: 0}
    - target: {fileID: 5922630660914085772, guid: 11cb794c8f9ba1b469c7773ffdd11402,
        type: 3}
      propertyPath: m_Name
      value: E7
      objectReference: {fileID: 0}
    - target: {fileID: 8558930473469651558, guid: 11cb794c8f9ba1b469c7773ffdd11402,
        type: 3}
      propertyPath: serializationData.Prefab
      value: 
      objectReference: {fileID: 8558930473469651558, guid: 11cb794c8f9ba1b469c7773ffdd11402,
        type: 3}
    m_RemovedComponents: []
  m_SourcePrefab: {fileID: 100100000, guid: 11cb794c8f9ba1b469c7773ffdd11402, type: 3}
--- !u!4 &7087614089327445890 stripped
Transform:
  m_CorrespondingSourceObject: {fileID: 1834556976891784287, guid: 11cb794c8f9ba1b469c7773ffdd11402,
    type: 3}
  m_PrefabInstance: {fileID: 8874875984683461597}
  m_PrefabAsset: {fileID: 0}
--- !u!1 &2961272452848358481 stripped
GameObject:
  m_CorrespondingSourceObject: {fileID: 5922630660914085772, guid: 11cb794c8f9ba1b469c7773ffdd11402,
    type: 3}
  m_PrefabInstance: {fileID: 8874875984683461597}
  m_PrefabAsset: {fileID: 0}
--- !u!1001 &9041266944161825519
PrefabInstance:
  m_ObjectHideFlags: 0
  serializedVersion: 2
  m_Modification:
    m_TransformParent: {fileID: 2843153211891740008}
    m_Modifications:
    - target: {fileID: 1834556976891784287, guid: 11cb794c8f9ba1b469c7773ffdd11402,
        type: 3}
      propertyPath: m_RootOrder
      value: 2
      objectReference: {fileID: 0}
    - target: {fileID: 1834556976891784287, guid: 11cb794c8f9ba1b469c7773ffdd11402,
        type: 3}
      propertyPath: m_LocalPosition.x
      value: -0.5
      objectReference: {fileID: 0}
    - target: {fileID: 1834556976891784287, guid: 11cb794c8f9ba1b469c7773ffdd11402,
        type: 3}
      propertyPath: m_LocalPosition.y
      value: -0.5
      objectReference: {fileID: 0}
    - target: {fileID: 1834556976891784287, guid: 11cb794c8f9ba1b469c7773ffdd11402,
        type: 3}
      propertyPath: m_LocalPosition.z
      value: 0
      objectReference: {fileID: 0}
    - target: {fileID: 1834556976891784287, guid: 11cb794c8f9ba1b469c7773ffdd11402,
        type: 3}
      propertyPath: m_LocalRotation.w
      value: 0.38268343
      objectReference: {fileID: 0}
    - target: {fileID: 1834556976891784287, guid: 11cb794c8f9ba1b469c7773ffdd11402,
        type: 3}
      propertyPath: m_LocalRotation.x
      value: 0
      objectReference: {fileID: 0}
    - target: {fileID: 1834556976891784287, guid: 11cb794c8f9ba1b469c7773ffdd11402,
        type: 3}
      propertyPath: m_LocalRotation.y
      value: 0
      objectReference: {fileID: 0}
    - target: {fileID: 1834556976891784287, guid: 11cb794c8f9ba1b469c7773ffdd11402,
        type: 3}
      propertyPath: m_LocalRotation.z
      value: -0.92387956
      objectReference: {fileID: 0}
    - target: {fileID: 1834556976891784287, guid: 11cb794c8f9ba1b469c7773ffdd11402,
        type: 3}
      propertyPath: m_LocalEulerAnglesHint.x
      value: 0
      objectReference: {fileID: 0}
    - target: {fileID: 1834556976891784287, guid: 11cb794c8f9ba1b469c7773ffdd11402,
        type: 3}
      propertyPath: m_LocalEulerAnglesHint.y
      value: 0
      objectReference: {fileID: 0}
    - target: {fileID: 1834556976891784287, guid: 11cb794c8f9ba1b469c7773ffdd11402,
        type: 3}
      propertyPath: m_LocalEulerAnglesHint.z
      value: -135
      objectReference: {fileID: 0}
    - target: {fileID: 5922630660914085772, guid: 11cb794c8f9ba1b469c7773ffdd11402,
        type: 3}
      propertyPath: m_Name
      value: E7
      objectReference: {fileID: 0}
    - target: {fileID: 8558930473469651558, guid: 11cb794c8f9ba1b469c7773ffdd11402,
        type: 3}
      propertyPath: serializationData.Prefab
      value: 
      objectReference: {fileID: 8558930473469651558, guid: 11cb794c8f9ba1b469c7773ffdd11402,
        type: 3}
    m_RemovedComponents: []
  m_SourcePrefab: {fileID: 100100000, guid: 11cb794c8f9ba1b469c7773ffdd11402, type: 3}
--- !u!4 &7209330324191719088 stripped
Transform:
  m_CorrespondingSourceObject: {fileID: 1834556976891784287, guid: 11cb794c8f9ba1b469c7773ffdd11402,
    type: 3}
  m_PrefabInstance: {fileID: 9041266944161825519}
  m_PrefabAsset: {fileID: 0}
--- !u!1 &3407080144020553059 stripped
GameObject:
  m_CorrespondingSourceObject: {fileID: 5922630660914085772, guid: 11cb794c8f9ba1b469c7773ffdd11402,
    type: 3}
  m_PrefabInstance: {fileID: 9041266944161825519}
  m_PrefabAsset: {fileID: 0}
